[
  {
    "id": 3082371533,
    "price": "30341.27000000",
    "qty": "0.03297000",
    "quoteQty": "1000.35167190",
    "time": 1681565942560,
    "isBuyerMaker": false,
    "isBestMatch": true
  },
  {
    "id": 3082371534,
    "price": "30341.27000000",
    "qty": "0.06570000",
    "quoteQty": "1993.42143900",
    "time": 1681565942561,
    "isBuyerMaker": false,
    "isBestMatch": true
  },
  {
    "id": 3082371535,
    "price": "30339.65000000",
    "qty": "0.00510000",
    "quoteQty": "154.73221500",
    "time": 1681565942568,
    "isBuyerMaker": false,
    "isBestMatch": true
  },
  {
    "id": 3082371536,
    "price": "30341.27000000",
    "qty": "0.00025000",
    "quoteQty": "7.58531750",
    "time": 1681565942568,
    "isBuyerMaker": false,
    "isBestMatch": true
  },
  {
    "id": 3082371537,
    "price": "30341.27000000",
    "qty": "0.03295000",
    "quoteQty": "999.74484650",
    "time": 1681565942569,
    "isBuyerMaker": false,
    "isBestMatch": true
  },
  {
    "id": 3082371538,
    "price": "30333.02000000",
    "qty": "0.03047000",
    "quoteQty": "924.24711940",
    "time": 1681565942572,
    "isBuyerMaker": true,
    "isBestMatch": true
  },
  {
    "id": 3082371539,
    "price": "30333.03000000",
    "qty": "0.05000000",
    "quoteQty": "1516.65150000",
    "time": 1681565942576,
    "isBuyerMaker": false,
    "isBestMatch": true
  },
  {
    "id": 3082371540,
    "price": "30333.03000000",
    "qty": "0.01634000",
    "quoteQty": "495.64171020",
    "time": 1681565942578,
    "isBuyerMaker": false,
    "isBestMatch": true
  },
  {
    "id": 3082371541,
    "price": "30330.09000000",
    "qty": "0.00065000",
    "quoteQty": "19.71455850",
    "time": 1681565942582,
    "isBuyerMaker": false,
    "isBestMatch": true
  },
  {
    "id": 3082371542,
    "price": "30332.03000000",
    "qty": "0.00841000",
    "quoteQty": "255.09237230",
    "time": 1681565942582,
    "isBuyerMaker": false,
    "isBestMatch": true
  },
  {
    "id": 3082371543,
    "price": "30333.02000000",
    "qty": "0.02390000",
    "quoteQty": "724.95917800",
    "time": 1681565942582,
    "isBuyerMaker": false,
    "isBestMatch": true
  },
  {
    "id": 3082371544,
    "price": "30333.02000000",
    "qty": "0.00403000",
    "quoteQty": "122.24207060",
    "time": 1681565942586,
    "isBuyerMaker": false,
    "isBestMatch": true
  },
  {
    "id": 3082371545,
    "price": "30333.02000000",
    "qty": "0.03294000",
    "quoteQty": "999.16967880",
    "time": 1681565942594,
    "isBuyerMaker": false,
    "isBestMatch": true
  },
  {
    "id": 3082371546,
    "price": "30331.51000000",
    "qty": "0.05713000",
    "quoteQty": "1732.83916630",
    "time": 1681565942596,
    "isBuyerMaker": true,
    "isBestMatch": true
  },
  {
    "id": 3082371547,
    "price": "30331.79000000",
    "qty": "0.00210000",
    "quoteQty": "63.69675900",
    "time": 1681565942599,
    "isBuyerMaker": false,
    "isBestMatch": true
  },
  {
    "id": 3082371548,
    "price": "30333.02000000",
    "qty": "0.00006000",
    "quoteQty": "1.81998120",
    "time": 1681565942599,
    "isBuyerMaker": false,
    "isBestMatch": true
  },
  {
    "id": 3082371549,
    "price": "30331.92000000",
    "qty": "0.00182000",
    "quoteQty": "55.20409440",
    "time": 1681565942604,
    "isBuyerMaker": false,
    "isBestMatch": true
  },
  {
    "id": 3082371550,
    "price": "30333.02000000",
    "qty": "0.16700000",
    "quoteQty": "5065.61434000",
    "time": 1681565942604,
    "isBuyerMaker": false,
    "isBestMatch": true
  },
  {
    "id": 3082371551,
    "price": "30333.02000000",
    "qty": "0.01926000",
    "quoteQty": "584.21396520",
    "time": 1681565942604,
    "isBuyerMaker": false,
    "isBestMatch": true
  },
  {
    "id": 3082371552,
    "price": "30333.03000000",
    "qty": "0.26338000",
    "quoteQty": "7989.11344140",
    "time": 1681565942604,
    "isBuyerMaker": false,
    "isBestMatch": true
  },
  {
    "id": 3082371553,
    "price": "30336.23000000",
    "qty": "0.00999000",
    "quoteQty": "303.05893770",
    "time": 1681565942604,
    "isBuyerMaker": false,
    "isBestMatch": true
  },
  {
    "id": 3082371554,
    "price": "30339.60000000",
    "qty": "0.03786000",
    "quoteQty": "1148.65725600",
    "time": 1681565942604,
    "isBuyerMaker": false,
    "isBestMatch": true
  },
  {
    "id": 3082371555,
    "price": "30341.01000000",
    "qty": "0.00069000",
    "quoteQty": "20.93529690",
    "time": 1681565942604,
    "isBuyerMaker": false,
    "isBestMatch": true
  },
  {
    "id": 3082371556,
    "price": "30336.29000000",
    "qty": "0.02000000",
    "quoteQty": "606.72580000",
    "time": 1681565942607,
    "isBuyerMaker": true,
    "isBestMatch": true
  },
  {
    "id": 3082371557,
    "price": "30341.01000000",
    "qty": "0.03000000",
    "quoteQty": "910.23030000",
    "time": 1681565942615,
    "isBuyerMaker": false,
    "isBestMatch": true
  },
  {
    "id": 3082371558,
    "price": "30341.01000000",
    "qty": "0.00036000",
    "quoteQty": "10.92276360",
    "time": 1681565942633,
    "isBuyerMaker": false,
    "isBestMatch": true
  },
  {
    "id": 3082371559,
    "price": "30341.01000000",
    "qty": "0.03285000",
    "quoteQty": "996.70217850",
    "time": 1681565942633,
    "isBuyerMaker": false,
    "isBestMatch": true
  },
  {
    "id": 3082371560,
    "price": "30339.60000000",
    "qty": "0.00111000",
    "quoteQty": "33.67695600",
    "time": 1681565942641,
    "isBuyerMaker": false,
    "isBestMatch": true
  },
  {
    "id": 3082371561,
    "price": "30336.81000000",
    "qty": "0.00073000",
    "quoteQty": "22.14587130",
    "time": 1681565942659,
    "isBuyerMaker": false,
    "isBestMatch": true
  },
  {
    "id": 3082371562,
    "price": "30336.44000000",
    "qty": "0.03285000",
    "quoteQty": "996.55205400",
    "time": 1681565942676,
    "isBuyerMaker": false,
    "isBestMatch": true
  },
  {
    "id": 3082371563,
    "price": "30336.44000000",
    "qty": "0.00193000",
    "quoteQty": "58.54932920",
    "time": 1681565942682,
    "isBuyerMaker": false,
    "isBestMatch": true
  },
  {
    "id": 3082371564,
    "price": "30336.23000000",
    "qty": "0.00100000",
    "quoteQty": "30.33623000",
    "time": 1681565942687,
    "isBuyerMaker": true,
    "isBestMatch": true
  },
  {
    "id": 3082371565,
    "price": "30333.73000000",
    "qty": "0.01371000",
    "quoteQty": "415.87543830",
    "time": 1681565942687,
    "isBuyerMaker": true,
    "isBestMatch": true
  },
  {
    "id": 3082371566,
    "price": "30335.52000000",
    "qty": "0.00046000",
    "quoteQty": "13.95433920",
    "time": 1681565942703,
    "isBuyerMaker": false,
    "isBestMatch": true
  },
  {
    "id": 3082371567,
    "price": "30336.20000000",
    "qty": "0.03253000",
    "quoteQty": "986.83658600",
    "time": 1681565942703,
    "isBuyerMaker": false,
    "isBestMatch": true
  },
  {
    "id": 3082371568,
    "price": "30336.20000000",
    "qty": "0.03286000",
    "quoteQty": "996.84753200",
    "time": 1681565942718,
    "isBuyerMaker": false,
    "isBestMatch": true
  },
  {
    "id": 3082371569,
    "price": "30335.60000000",
    "qty": "0.00252000",
    "quoteQty": "76.44571200",
    "time": 1681565942722,
    "isBuyerMaker": false,
    "isBestMatch": true
  },
  {
    "id": 3082371570,
    "price": "30336.20000000",
    "qty": "0.00236000",
    "quoteQty": "71.59343200",
    "time": 1681565942722,
    "isBuyerMaker": false,
    "isBestMatch": true
  },
  {
    "id": 3082371571,
    "price": "30335.14000000",
    "qty": "0.00039000",
    "quoteQty": "11.83070460",
    "time": 1681565942744,
    "isBuyerMaker": false,
    "isBestMatch": true
  },
  {
    "id": 3082371572,
    "price": "30335.50000000",
    "qty": "0.00477000",
    "quoteQty": "144.70033500",
    "time": 1681565942744,
    "isBuyerMaker": false,
    "isBestMatch": true
  },
  {
    "id": 3082371573,
    "price": "30336.07000000",
    "qty": "0.03805000",
    "quoteQty": "1154.28746350",
    "time": 1681565942744,
    "isBuyerMaker": false,
    "isBestMatch": true
  },
  {
    "id": 3082371574,
    "price": "30336.20000000",
    "qty": "0.20362000",
    "quoteQty": "6177.05704400",
    "time": 1681565942744,
    "isBuyerMaker": false,
    "isBestMatch": true
  },
  {
    "id": 3082371575,
    "price": "30336.20000000",
    "qty": "0.00237000",
    "quoteQty": "71.89679400",
    "time": 1681565942749,
    "isBuyerMaker": false,
    "isBestMatch": true
  },
  {
    "id": 3082371576,
    "price": "30336.20000000",
    "qty": "0.01706000",
    "quoteQty": "517.53557200",
    "time": 1681565942766,
    "isBuyerMaker": false,
    "isBestMatch": true
  },
  {
    "id": 3082371577,
    "price": "30336.20000000",
    "qty": "0.01107000",
    "quoteQty": "335.82173400",
    "time": 1681565942774,
    "isBuyerMaker": false,
    "isBestMatch": true
  },
  {
    "id": 3082371578,
    "price": "30336.29000000",
    "qty": "0.02371000",
    "quoteQty": "719.27343590",
    "time": 1681565942781,
    "isBuyerMaker": false,
    "isBestMatch": true
  },
  {
    "id": 3082371579,
    "price": "30336.24000000",
    "qty": "0.00486000",
    "quoteQty": "147.43412640",
    "time": 1681565942783,
    "isBuyerMaker": false,
    "isBestMatch": true
  },
  {
    "id": 3082371580,
    "price": "30336.24000000",
    "qty": "0.00153000",
    "quoteQty": "46.41444720",
    "time": 1681565942837,
    "isBuyerMaker": false,
    "isBestMatch": true
  },
  {
    "id": 3082371581,
    "price": "30336.25000000",
    "qty": "0.03141000",
    "quoteQty": "952.86161250",
    "time": 1681565942837,
    "isBuyerMaker": false,
    "isBestMatch": true
  },
  {
    "id": 3082371582,
    "price": "30336.25000000",
    "qty": "0.01007000",
    "quoteQty": "305.48603750",
    "time": 1681565942850,
    "isBuyerMaker": false,
    "isBestMatch": true
  },
  {
    "id": 3082371583,
    "price": "30336.25000000",
    "qty": "0.03880000",
    "quoteQty": "1177.04650000",
    "time": 1681565942854,
    "isBuyerMaker": false,
    "isBestMatch": true
  },
  {
    "id": 3082371584,
    "price": "30336.25000000",
    "qty": "0.03041000",
    "quoteQty": "922.52536250",
    "time": 1681565942854,
    "isBuyerMaker": false,
    "isBestMatch": true
  },
  {
    "id": 3082371585,
    "price": "30336.25000000",
    "qty": "0.04230000",
    "quoteQty": "1283.22337500",
    "time": 1681565942864,
    "isBuyerMaker": false,
    "isBestMatch": true
  },
  {
    "id": 3082371586,
    "price": "30336.25000000",
    "qty": "0.00540000",
    "quoteQty": "163.81575000",
    "time": 1681565942868,
    "isBuyerMaker": false,
    "isBestMatch": true
  },
  {
    "id": 3082371587,
    "price": "30336.25000000",
    "qty": "0.05436000",
    "quoteQty": "1649.07855000",
    "time": 1681565942871,
    "isBuyerMaker": false,
    "isBestMatch": true
  },
  {
    "id": 3082371588,
    "price": "30336.25000000",
    "qty": "0.00150000",
    "quoteQty": "45.50437500",
    "time": 1681565942899,
    "isBuyerMaker": false,
    "isBestMatch": true
  },
  {
    "id": 3082371589,
    "price": "30336.23000000",
    "qty": "0.00113000",
    "quoteQty": "34.27993990",
    "time": 1681565942902,
    "isBuyerMaker": true,
    "isBestMatch": true
  },
  {
    "id": 3082371590,
    "price": "30336.23000000",
    "qty": "0.00775000",
    "quoteQty": "235.10578250",
    "time": 1681565942908,
    "isBuyerMaker": true,
    "isBestMatch": true
  },
  {
    "id": 3082371591,
    "price": "30336.24000000",
    "qty": "0.09807000",
    "quoteQty": "2975.07505680",
    "time": 1681565942932,
    "isBuyerMaker": false,
    "isBestMatch": true
  },
  {
    "id": 3082371592,
    "price": "30336.24000000",
    "qty": "0.39568000",
    "quoteQty": "12003.44344320",
    "time": 1681565942932,
    "isBuyerMaker": false,
    "isBestMatch": true
  },
  {
    "id": 3082371593,
    "price": "30336.24000000",
    "qty": "0.23246000",
    "quoteQty": "7051.96235040",
    "time": 1681565942947,
    "isBuyerMaker": false,
    "isBestMatch": true
  },
  {
    "id": 3082371594,
    "price": "30336.24000000",
    "qty": "0.01440000",
    "quoteQty": "436.84185600",
    "time": 1681565942947,
    "isBuyerMaker": false,
    "isBestMatch": true
  },
  {
    "id": 3082371595,
    "price": "30336.23000000",
    "qty": "0.00100000",
    "quoteQty": "30.33623000",
    "time": 1681565942972,
    "isBuyerMaker": true,
    "isBestMatch": true
  },
  {
    "id": 3082371596,
    "price": "30336.23000000",
    "qty": "0.00070000",
    "quoteQty": "21.23536100",
    "time": 1681565942983,
    "isBuyerMaker": true,
    "isBestMatch": true
  },
  {
    "id": 3082371597,
    "price": "30336.23000000",
    "qty": "0.13000000",
    "quoteQty": "3943.70990000",
    "time": 1681565942983,
    "isBuyerMaker": true,
    "isBestMatch": true
  },
  {
    "id": 3082371598,
    "price": "30336.23000000",
    "qty": "0.14500000",
    "quoteQty": "4398.75335000",
    "time": 1681565942983,
    "isBuyerMaker": true,
    "isBestMatch": true
  },
  {
    "id": 3082371599,
    "price": "30336.23000000",
    "qty": "0.00150000",
    "quoteQty": "45.50434500",
    "time": 1681565942983,
    "isBuyerMaker": true,
    "isBestMatch": true
  },
  {
    "id": 3082371600,
    "price": "30336.23000000",
    "qty": "0.00113000",
    "quoteQty": "34.27993990",
    "time": 1681565942983,
    "isBuyerMaker": true,
    "isBestMatch": true
  },
  {
    "id": 3082371601,
    "price": "30336.23000000",
    "qty": "0.09886000",
    "quoteQty": "2999.03969780",
    "time": 1681565942983,
    "isBuyerMaker": true,
    "isBestMatch": true
  },
  {
    "id": 3082371602,
    "price": "30336.24000000",
    "qty": "0.01697000",
    "quoteQty": "514.80599280",
    "time": 1681565942985,
    "isBuyerMaker": false,
    "isBestMatch": true
  },
  {
    "id": 3082371603,
    "price": "30336.23000000",
    "qty": "0.01232000",
    "quoteQty": "373.74235360",
    "time": 1681565942988,
    "isBuyerMaker": true,
    "isBestMatch": true
  },
  {
    "id": 3082371604,
    "price": "30336.23000000",
    "qty": "0.00175000",
    "quoteQty": "53.08840250",
    "time": 1681565943019,
    "isBuyerMaker": true,
    "isBestMatch": true
  },
  {
    "id": 3082371605,
    "price": "30336.23000000",
    "qty": "0.00040000",
    "quoteQty": "12.13449200",
    "time": 1681565943019,
    "isBuyerMaker": true,
    "isBestMatch": true
  },
  {
    "id": 3082371606,
    "price": "30336.23000000",
    "qty": "0.00551000",
    "quoteQty": "167.15262730",
    "time": 1681565943019,
    "isBuyerMaker": true,
    "isBestMatch": true
  },
  {
    "id": 3082371607,
    "price": "30336.24000000",
    "qty": "0.00402000",
    "quoteQty": "121.95168480",
    "time": 1681565943044,
    "isBuyerMaker": false,
    "isBestMatch": true
  },
  {
    "id": 3082371608,
    "price": "30336.23000000",
    "qty": "0.00772000",
    "quoteQty": "234.19569560",
    "time": 1681565943049,
    "isBuyerMaker": true,
    "isBestMatch": true
  },
  {
    "id": 3082371609,
    "price": "30336.23000000",
    "qty": "0.00779000",
    "quoteQty": "236.31923170",
    "time": 1681565943077,
    "isBuyerMaker": true,
    "isBestMatch": true
  },
  {
    "id": 3082371610,
    "price": "30336.23000000",
    "qty": "0.17221000",
    "quoteQty": "5224.20216830",
    "time": 1681565943085,
    "isBuyerMaker": true,
    "isBestMatch": true
  },
  {
    "id": 3082371611,
    "price": "30336.23000000",
    "qty": "0.06523000",
    "quoteQty": "1978.83228290",
    "time": 1681565943085,
    "isBuyerMaker": true,
    "isBestMatch": true
  },
  {
    "id": 3082371612,
    "price": "30336.23000000",
    "qty": "0.13000000",
    "quoteQty": "3943.70990000",
    "time": 1681565943085,
    "isBuyerMaker": true,
    "isBestMatch": true
  },
  {
    "id": 3082371613,
    "price": "30336.23000000",
    "qty": "0.00705000",
    "quoteQty": "213.87042150",
    "time": 1681565943085,
    "isBuyerMaker": true,
    "isBestMatch": true
  },
  {
    "id": 3082371614,
    "price": "30336.23000000",
    "qty": "0.00167000",
    "quoteQty": "50.66150410",
    "time": 1681565943085,
    "isBuyerMaker": true,
    "isBestMatch": true
  },
  {
    "id": 3082371615,
    "price": "30336.23000000",
    "qty": "0.00389000",
    "quoteQty": "118.00793470",
    "time": 1681565943085,
    "isBuyerMaker": true,
    "isBestMatch": true
  },
  {
    "id": 3082371616,
    "price": "30336.23000000",
    "qty": "0.00404000",
    "quoteQty": "122.55836920",
    "time": 1681565943085,
    "isBuyerMaker": true,
    "isBestMatch": true
  },
  {
    "id": 3082371617,
    "price": "30336.20000000",
    "qty": "0.03041000",
    "quoteQty": "922.52384200",
    "time": 1681565943085,
    "isBuyerMaker": true,
    "isBestMatch": true
  },
  {
    "id": 3082371618,
    "price": "30336.20000000",
    "qty": "0.01469000",
    "quoteQty": "445.63877800",
    "time": 1681565943085,
    "isBuyerMaker": true,
    "isBestMatch": true
  },
  {
    "id": 3082371619,
    "price": "30336.20000000",
    "qty": "0.00240000",
    "quoteQty": "72.80688000",
    "time": 1681565943087,
    "isBuyerMaker": true,
    "isBestMatch": true
  },
  {
    "id": 3082371620,
    "price": "30336.20000000",
    "qty": "0.01332000",
    "quoteQty": "404.07818400",
    "time": 1681565943093,
    "isBuyerMaker": true,
    "isBestMatch": true
  },
  {
    "id": 3082371621,
    "price": "30336.18000000",
    "qty": "0.00034000",
    "quoteQty": "10.31430120",
    "time": 1681565943187,
    "isBuyerMaker": true,
    "isBestMatch": true
  },
  {
    "id": 3082371622,
    "price": "30336.18000000",
    "qty": "0.03263000",
    "quoteQty": "989.86955340",
    "time": 1681565943187,
    "isBuyerMaker": true,
    "isBestMatch": true
  },
  {
    "id": 3082371623,
    "price": "30336.19000000",
    "qty": "0.00464000",
    "quoteQty": "140.75992160",
    "time": 1681565943255,
    "isBuyerMaker": false,
    "isBestMatch": true
  },
  {
    "id": 3082371624,
    "price": "30336.19000000",
    "qty": "0.00326000",
    "quoteQty": "98.89597940",
    "time": 1681565943335,
    "isBuyerMaker": false,
    "isBestMatch": true
  },
  {
    "id": 3082371625,
    "price": "30336.18000000",
    "qty": "0.00216000",
    "quoteQty": "65.52614880",
    "time": 1681565943382,
    "isBuyerMaker": true,
    "isBestMatch": true
  },
  {
    "id": 3082371626,
    "price": "30336.19000000",
    "qty": "0.05436000",
    "quoteQty": "1649.07528840",
    "time": 1681565943417,
    "isBuyerMaker": false,
    "isBestMatch": true
  },
  {
    "id": 3082371627,
    "price": "30336.18000000",
    "qty": "0.00107000",
    "quoteQty": "32.45971260",
    "time": 1681565943434,
    "isBuyerMaker": true,
    "isBestMatch": true
  },
  {
    "id": 3082371628,
    "price": "30336.19000000",
    "qty": "0.04230000",
    "quoteQty": "1283.22083700",
    "time": 1681565943452,
    "isBuyerMaker": false,
    "isBestMatch": true
  },
  {
    "id": 3082371629,
    "price": "30336.18000000",
    "qty": "0.04943000",
    "quoteQty": "1499.51737740",
    "time": 1681565943481,
    "isBuyerMaker": true,
    "isBestMatch": true
  },
  {
    "id": 3082371630,
    "price": "30336.18000000",
    "qty": "0.14000000",
    "quoteQty": "4247.06520000",
    "time": 1681565943481,
    "isBuyerMaker": true,
    "isBestMatch": true
  },
  {
    "id": 3082371631,
    "price": "30336.18000000",
    "qty": "0.00149000",
    "quoteQty": "45.20090820",
    "time": 1681565943481,
    "isBuyerMaker": true,
    "isBestMatch": true
  },
  {
    "id": 3082371632,
    "price": "30336.18000000",
    "qty": "0.12737000",
    "quoteQty": "3863.91924660",
    "time": 1681565943481,
    "isBuyerMaker": true,
    "isBestMatch": true
  },
  {
    "id": 3082371633,
    "price": "30336.18000000",
    "qty": "0.05000000",
    "quoteQty": "1516.80900000",
    "time": 1681565943481,
    "isBuyerMaker": true,
    "isBestMatch": true
  },
  {
    "id": 3082371634,
    "price": "30336.14000000",
    "qty": "0.00196000",
    "quoteQty": "59.45883440",
    "time": 1681565943481,
    "isBuyerMaker": true,
    "isBestMatch": true
  },
  {
    "id": 3082371635,
    "price": "30335.98000000",
    "qty": "0.00113000",
    "quoteQty": "34.27965740",
    "time": 1681565943481,
    "isBuyerMaker": true,
    "isBestMatch": true
  },
  {
    "id": 3082371636,
    "price": "30335.01000000",
    "qty": "0.01729000",
    "quoteQty": "524.49232290",
    "time": 1681565943492,
    "isBuyerMaker": false,
    "isBestMatch": true
  },
  {
    "id": 3082371637,
    "price": "30335.00000000",
    "qty": "0.00100000",
    "quoteQty": "30.33500000",
    "time": 1681565943493,
    "isBuyerMaker": true,
    "isBestMatch": true
  },
  {
    "id": 3082371638,
    "price": "30334.99000000",
    "qty": "0.00146000",
    "quoteQty": "44.28908540",
    "time": 1681565943493,
    "isBuyerMaker": true,
    "isBestMatch": true
  },
  {
    "id": 3082371639,
    "price": "30334.42000000",
    "qty": "0.00511000",
    "quoteQty": "155.00888620",
    "time": 1681565943493,
    "isBuyerMaker": true,
    "isBestMatch": true
  },
  {
    "id": 3082371640,
    "price": "30334.43000000",
    "qty": "0.00054000",
    "quoteQty": "16.38059220",
    "time": 1681565943503,
    "isBuyerMaker": false,
    "isBestMatch": true
  },
  {
    "id": 3082371641,
    "price": "30334.43000000",
    "qty": "0.14946000",
    "quoteQty": "4533.78390780",
    "time": 1681565943553,
    "isBuyerMaker": false,
    "isBestMatch": true
  },
  {
    "id": 3082371642,
    "price": "30334.43000000",
    "qty": "0.01534000",
    "quoteQty": "465.33015620",
    "time": 1681565943553,
    "isBuyerMaker": false,
    "isBestMatch": true
  },
  {
    "id": 3082371643,
    "price": "30334.43000000",
    "qty": "0.00077000",
    "quoteQty": "23.35751110",
    "time": 1681565943558,
    "isBuyerMaker": false,
    "isBestMatch": true
  },
  {
    "id": 3082371644,
    "price": "30334.42000000",
    "qty": "0.05000000",
    "quoteQty": "1516.72100000",
    "time": 1681565943615,
    "isBuyerMaker": true,
    "isBestMatch": true
  },
  {
    "id": 3082371645,
    "price": "30334.43000000",
    "qty": "0.00038000",
    "quoteQty": "11.52708340",
    "time": 1681565943805,
    "isBuyerMaker": false,
    "isBestMatch": true
  },
  {
    "id": 3082371646,
    "price": "30334.42000000",
    "qty": "0.00331000",
    "quoteQty": "100.40693020",
    "time": 1681565944176,
    "isBuyerMaker": true,
    "isBestMatch": true
  },
  {
    "id": 3082371647,
    "price": "30334.43000000",
    "qty": "0.00260000",
    "quoteQty": "78.86951800",
    "time": 1681565944360,
    "isBuyerMaker": false,
    "isBestMatch": true
  },
  {
    "id": 3082371648,
    "price": "30334.42000000",
    "qty": "0.02815000",
    "quoteQty": "853.91392300",
    "time": 1681565944399,
    "isBuyerMaker": true,
    "isBestMatch": true
  },
  {
    "id": 3082371649,
    "price": "30334.42000000",
    "qty": "0.00445000",
    "quoteQty": "134.98816900",
    "time": 1681565944399,
    "isBuyerMaker": true,
    "isBestMatch": true
  },
  {
    "id": 3082371650,
    "price": "30334.43000000",
    "qty": "0.05436000",
    "quoteQty": "1648.97961480",
    "time": 1681565944469,
    "isBuyerMaker": false,
    "isBestMatch": true
  },
  {
    "id": 3082371651,
    "price": "30334.43000000",
    "qty": "0.05689000",
    "quoteQty": "1725.72572270",
    "time": 1681565944479,
    "isBuyerMaker": false,
    "isBestMatch": true
  },
  {
    "id": 3082371652,
    "price": "30334.43000000",
    "qty": "0.07743000",
    "quoteQty": "2348.79491490",
    "time": 1681565944479,
    "isBuyerMaker": false,
    "isBestMatch": true
  },
  {
    "id": 3082371653,
    "price": "30334.42000000",
    "qty": "0.00083000",
    "quoteQty": "25.17756860",
    "time": 1681565944625,
    "isBuyerMaker": true,
    "isBestMatch": true
  },
  {
    "id": 3082371654,
    "price": "30334.42000000",
    "qty": "0.00133000",
    "quoteQty": "40.34477860",
    "time": 1681565944633,
    "isBuyerMaker": true,
    "isBestMatch": true
  },
  {
    "id": 3082371655,
    "price": "30334.42000000",
    "qty": "0.00306000",
    "quoteQty": "92.82332520",
    "time": 1681565944649,
    "isBuyerMaker": true,
    "isBestMatch": true
  },
  {
    "id": 3082371656,
    "price": "30334.42000000",
    "qty": "0.00157000",
    "quoteQty": "47.62503940",
    "time": 1681565944649,
    "isBuyerMaker": true,
    "isBestMatch": true
  },
  {
    "id": 3082371657,
    "price": "30334.42000000",
    "qty": "0.00146000",
    "quoteQty": "44.28825320",
    "time": 1681565944649,
    "isBuyerMaker": true,
    "isBestMatch": true
  },
  {
    "id": 3082371658,
    "price": "30334.42000000",
    "qty": "0.01553000",
    "quoteQty": "471.09354260",
    "time": 1681565944649,
    "isBuyerMaker": true,
    "isBestMatch": true
  },
  {
    "id": 3082371659,
    "price": "30334.42000000",
    "qty": "0.97856000",
    "quoteQty": "29684.05003520",
    "time": 1681565944649,
    "isBuyerMaker": true,
    "isBestMatch": true
  },
  {
    "id": 3082371660,
    "price": "30334.42000000",
    "qty": "0.00170000",
    "quoteQty": "51.56851400",
    "time": 1681565944668,
    "isBuyerMaker": true,
    "isBestMatch": true
  },
  {
    "id": 3082371661,
    "price": "30334.42000000",
    "qty": "0.00108000",
    "quoteQty": "32.76117360",
    "time": 1681565945040,
    "isBuyerMaker": true,
    "isBestMatch": true
  },
  {
    "id": 3082371662,
    "price": "30334.43000000",
    "qty": "0.00039000",
    "quoteQty": "11.83042770",
    "time": 1681565945161,
    "isBuyerMaker": false,
    "isBestMatch": true
  },
  {
    "id": 3082371663,
    "price": "30334.42000000",
    "qty": "0.05017000",
    "quoteQty": "1521.87785140",
    "time": 1681565945422,
    "isBuyerMaker": true,
    "isBestMatch": true
  },
  {
    "id": 3082371664,
    "price": "30334.42000000",
    "qty": "0.00336000",
    "quoteQty": "101.92365120",
    "time": 1681565945450,
    "isBuyerMaker": true,
    "isBestMatch": true
  },
  {
    "id": 3082371665,
    "price": "30334.43000000",
    "qty": "0.00064000",
    "quoteQty": "19.41403520",
    "time": 1681565945459,
    "isBuyerMaker": false,
    "isBestMatch": true
  },
  {
    "id": 3082371666,
    "price": "30334.43000000",
    "qty": "0.09897000",
    "quoteQty": "3002.19853710",
    "time": 1681565945688,
    "isBuyerMaker": false,
    "isBestMatch": true
  },
  {
    "id": 3082371667,
    "price": "30334.43000000",
    "qty": "0.05657000",
    "quoteQty": "1716.01870510",
    "time": 1681565945688,
    "isBuyerMaker": false,
    "isBestMatch": true
  },
  {
    "id": 3082371668,
    "price": "30334.42000000",
    "qty": "0.01592000",
    "quoteQty": "482.92396640",
    "time": 1681565946032,
    "isBuyerMaker": true,
    "isBestMatch": true
  },
  {
    "id": 3082371669,
    "price": "30334.42000000",
    "qty": "0.00294000",
    "quoteQty": "89.18319480",
    "time": 1681565946072,
    "isBuyerMaker": true,
    "isBestMatch": true
  },
  {
    "id": 3082371670,
    "price": "30334.42000000",
    "qty": "0.05639000",
    "quoteQty": "1710.55794380",
    "time": 1681565946225,
    "isBuyerMaker": true,
    "isBestMatch": true
  },
  {
    "id": 3082371671,
    "price": "30334.43000000",
    "qty": "0.00923000",
    "quoteQty": "279.98678890",
    "time": 1681565946552,
    "isBuyerMaker": false,
    "isBestMatch": true
  },
  {
    "id": 3082371672,
    "price": "30334.43000000",
    "qty": "0.06000000",
    "quoteQty": "1820.06580000",
    "time": 1681565946552,
    "isBuyerMaker": false,
    "isBestMatch": true
  },
  {
    "id": 3082371673,
    "price": "30334.43000000",
    "qty": "0.10000000",
    "quoteQty": "3033.44300000",
    "time": 1681565946552,
    "isBuyerMaker": false,
    "isBestMatch": true
  },
  {
    "id": 3082371674,
    "price": "30334.43000000",
    "qty": "0.10000000",
    "quoteQty": "3033.44300000",
    "time": 1681565946552,
    "isBuyerMaker": false,
    "isBestMatch": true
  },
  {
    "id": 3082371675,
    "price": "30334.43000000",
    "qty": "0.38662000",
    "quoteQty": "11727.89732660",
    "time": 1681565946552,
    "isBuyerMaker": false,
    "isBestMatch": true
  },
  {
    "id": 3082371676,
    "price": "30334.43000000",
    "qty": "0.37826000",
    "quoteQty": "11474.30149180",
    "time": 1681565946554,
    "isBuyerMaker": false,
    "isBestMatch": true
  },
  {
    "id": 3082371677,
    "price": "30334.43000000",
    "qty": "0.00512000",
    "quoteQty": "155.31228160",
    "time": 1681565946838,
    "isBuyerMaker": false,
    "isBestMatch": true
  },
  {
    "id": 3082371678,
    "price": "30334.43000000",
    "qty": "0.28851000",
    "quoteQty": "8751.78639930",
    "time": 1681565946838,
    "isBuyerMaker": false,
    "isBestMatch": true
  },
  {
    "id": 3082371679,
    "price": "30334.43000000",
    "qty": "1.50107000",
    "quoteQty": "45534.10284010",
    "time": 1681565946838,
    "isBuyerMaker": false,
    "isBestMatch": true
  },
  {
    "id": 3082371680,
    "price": "30334.43000000",
    "qty": "1.91609000",
    "quoteQty": "58123.49797870",
    "time": 1681565946839,
    "isBuyerMaker": false,
    "isBestMatch": true
  },
  {
    "id": 3082371681,
    "price": "30334.43000000",
    "qty": "0.25955000",
    "quoteQty": "7873.30130650",
    "time": 1681565946840,
    "isBuyerMaker": false,
    "isBestMatch": true
  },
  {
    "id": 3082371682,
    "price": "30334.43000000",
    "qty": "0.00036000",
    "quoteQty": "10.92039480",
    "time": 1681565946840,
    "isBuyerMaker": false,
    "isBestMatch": true
  },
  {
    "id": 3082371683,
    "price": "30334.43000000",
    "qty": "0.06835000",
    "quoteQty": "2073.35829050",
    "time": 1681565946840,
    "isBuyerMaker": false,
    "isBestMatch": true
  },
  {
    "id": 3082371684,
    "price": "30334.43000000",
    "qty": "0.00054000",
    "quoteQty": "16.38059220",
    "time": 1681565946840,
    "isBuyerMaker": false,
    "isBestMatch": true
  },
  {
    "id": 3082371685,
    "price": "30334.43000000",
    "qty": "0.08231000",
    "quoteQty": "2496.82693330",
    "time": 1681565946840,
    "isBuyerMaker": false,
    "isBestMatch": true
  },
  {
    "id": 3082371686,
    "price": "30334.43000000",
    "qty": "0.24724000",
    "quoteQty": "7499.88447320",
    "time": 1681565946840,
    "isBuyerMaker": false,
    "isBestMatch": true
  },
  {
    "id": 3082371687,
    "price": "30334.43000000",
    "qty": "0.00054000",
    "quoteQty": "16.38059220",
    "time": 1681565946840,
    "isBuyerMaker": false,
    "isBestMatch": true
  },
  {
    "id": 3082371688,
    "price": "30334.43000000",
    "qty": "0.25829000",
    "quoteQty": "7835.07992470",
    "time": 1681565946840,
    "isBuyerMaker": false,
    "isBestMatch": true
  },
  {
    "id": 3082371689,
    "price": "30334.43000000",
    "qty": "0.18306000",
    "quoteQty": "5553.02075580",
    "time": 1681565946840,
    "isBuyerMaker": false,
    "isBestMatch": true
  },
  {
    "id": 3082371690,
    "price": "30334.43000000",
    "qty": "0.07340000",
    "quoteQty": "2226.54716200",
    "time": 1681565946840,
    "isBuyerMaker": false,
    "isBestMatch": true
  },
  {
    "id": 3082371691,
    "price": "30334.43000000",
    "qty": "0.37456000",
    "quoteQty": "11362.06410080",
    "time": 1681565946840,
    "isBuyerMaker": false,
    "isBestMatch": true
  },
  {
    "id": 3082371692,
    "price": "30334.43000000",
    "qty": "1.36345000",
    "quoteQty": "41359.47858350",
    "time": 1681565946840,
    "isBuyerMaker": false,
    "isBestMatch": true
  },
  {
    "id": 3082371693,
    "price": "30334.43000000",
    "qty": "0.63902000",
    "quoteQty": "19384.30745860",
    "time": 1681565946840,
    "isBuyerMaker": false,
    "isBestMatch": true
  },
  {
    "id": 3082371694,
    "price": "30334.43000000",
    "qty": "0.35708000",
    "quoteQty": "10831.81826440",
    "time": 1681565946840,
    "isBuyerMaker": false,
    "isBestMatch": true
  },
  {
    "id": 3082371695,
    "price": "30334.43000000",
    "qty": "1.36430000",
    "quoteQty": "41385.26284900",
    "time": 1681565946843,
    "isBuyerMaker": false,
    "isBestMatch": true
  },
  {
    "id": 3082371696,
    "price": "30334.43000000",
    "qty": "0.00043000",
    "quoteQty": "13.04380490",
    "time": 1681565946848,
    "isBuyerMaker": false,
    "isBestMatch": true
  },
  {
    "id": 3082371697,
    "price": "30334.43000000",
    "qty": "0.00054000",
    "quoteQty": "16.38059220",
    "time": 1681565946848,
    "isBuyerMaker": false,
    "isBestMatch": true
  },
  {
    "id": 3082371698,
    "price": "30334.43000000",
    "qty": "0.03039000",
    "quoteQty": "921.86332770",
    "time": 1681565946848,
    "isBuyerMaker": false,
    "isBestMatch": true
  },
  {
    "id": 3082371699,
    "price": "30334.43000000",
    "qty": "0.03136000",
    "quoteQty": "951.28772480",
    "time": 1681565946848,
    "isBuyerMaker": false,
    "isBestMatch": true
  },
  {
    "id": 3082371700,
    "price": "30334.43000000",
    "qty": "0.00418000",
    "quoteQty": "126.79791740",
    "time": 1681565946848,
    "isBuyerMaker": false,
    "isBestMatch": true
  },
  {
    "id": 3082371701,
    "price": "30334.43000000",
    "qty": "0.01181000",
    "quoteQty": "358.24961830",
    "time": 1681565946848,
    "isBuyerMaker": false,
    "isBestMatch": true
  },
  {
    "id": 3082371702,
    "price": "30334.43000000",
    "qty": "0.01535000",
    "quoteQty": "465.63350050",
    "time": 1681565946848,
    "isBuyerMaker": false,
    "isBestMatch": true
  },
  {
    "id": 3082371703,
    "price": "30334.43000000",
    "qty": "0.00002000",
    "quoteQty": "0.60668860",
    "time": 1681565946848,
    "isBuyerMaker": false,
    "isBestMatch": true
  },
  {
    "id": 3082371704,
    "price": "30334.43000000",
    "qty": "0.00052000",
    "quoteQty": "15.77390360",
    "time": 1681565946849,
    "isBuyerMaker": false,
    "isBestMatch": true
  },
  {
    "id": 3082371705,
    "price": "30334.43000000",
    "qty": "0.01270000",
    "quoteQty": "385.24726100",
    "time": 1681565946849,
    "isBuyerMaker": false,
    "isBestMatch": true
  },
  {
    "id": 3082371706,
    "price": "30334.43000000",
    "qty": "0.00034000",
    "quoteQty": "10.31370620",
    "time": 1681565946849,
    "isBuyerMaker": false,
    "isBestMatch": true
  },
  {
    "id": 3082371707,
    "price": "30334.43000000",
    "qty": "0.01780000",
    "quoteQty": "539.95285400",
    "time": 1681565946849,
    "isBuyerMaker": false,
    "isBestMatch": true
  },
  {
    "id": 3082371708,
    "price": "30334.43000000",
    "qty": "0.02530000",
    "quoteQty": "767.46107900",
    "time": 1681565946850,
    "isBuyerMaker": false,
    "isBestMatch": true
  },
  {
    "id": 3082371709,
    "price": "30334.43000000",
    "qty": "0.31153000",
    "quoteQty": "9450.08497790",
    "time": 1681565946853,
    "isBuyerMaker": false,
    "isBestMatch": true
  },
  {
    "id": 3082371710,
    "price": "30334.43000000",
    "qty": "0.83901000",
    "quoteQty": "25450.89011430",
    "time": 1681565946854,
    "isBuyerMaker": false,
    "isBestMatch": true
  },
  {
    "id": 3082371711,
    "price": "30334.43000000",
    "qty": "0.00061000",
    "quoteQty": "18.50400230",
    "time": 1681565946854,
    "isBuyerMaker": false,
    "isBestMatch": true
  },
  {
    "id": 3082371712,
    "price": "30334.43000000",
    "qty": "0.00318000",
    "quoteQty": "96.46348740",
    "time": 1681565946854,
    "isBuyerMaker": false,
    "isBestMatch": true
  },
  {
    "id": 3082371713,
    "price": "30334.43000000",
    "qty": "0.00034000",
    "quoteQty": "10.31370620",
    "time": 1681565946854,
    "isBuyerMaker": false,
    "isBestMatch": true
  },
  {
    "id": 3082371714,
    "price": "30334.43000000",
    "qty": "0.77000000",
    "quoteQty": "23357.51110000",
    "time": 1681565946871,
    "isBuyerMaker": false,
    "isBestMatch": true
  },
  {
    "id": 3082371715,
    "price": "30334.44000000",
    "qty": "0.01654000",
    "quoteQty": "501.73163760",
    "time": 1681565946871,
    "isBuyerMaker": false,
    "isBestMatch": true
  },
  {
    "id": 3082371716,
    "price": "30334.44000000",
    "qty": "0.00236000",
    "quoteQty": "71.58927840",
    "time": 1681565946876,
    "isBuyerMaker": false,
    "isBestMatch": true
  },
  {
    "id": 3082371717,
    "price": "30334.46000000",
    "qty": "0.01531000",
    "quoteQty": "464.42058260",
    "time": 1681565946910,
    "isBuyerMaker": true,
    "isBestMatch": true
  },
  {
    "id": 3082371718,
    "price": "30334.47000000",
    "qty": "0.00349000",
    "quoteQty": "105.86730030",
    "time": 1681565946921,
    "isBuyerMaker": false,
    "isBestMatch": true
  },
  {
    "id": 3082371719,
    "price": "30334.47000000",
    "qty": "0.00086000",
    "quoteQty": "26.08764420",
    "time": 1681565946921,
    "isBuyerMaker": false,
    "isBestMatch": true
  },
  {
    "id": 3082371720,
    "price": "30334.47000000",
    "qty": "0.77000000",
    "quoteQty": "23357.54190000",
    "time": 1681565946921,
    "isBuyerMaker": false,
    "isBestMatch": true
  },
  {
    "id": 3082371721,
    "price": "30334.57000000",
    "qty": "0.17398000",
    "quoteQty": "5277.60848860",
    "time": 1681565946921,
    "isBuyerMaker": false,
    "isBestMatch": true
  },
  {
    "id": 3082371722,
    "price": "30334.60000000",
    "qty": "0.00379000",
    "quoteQty": "114.96813400",
    "time": 1681565946921,
    "isBuyerMaker": false,
    "isBestMatch": true
  },
  {
    "id": 3082371723,
    "price": "30335.15000000",
    "qty": "0.00220000",
    "quoteQty": "66.73733000",
    "time": 1681565946928,
    "isBuyerMaker": false,
    "isBestMatch": true
  },
  {
    "id": 3082371724,
    "price": "30335.15000000",
    "qty": "0.49733000",
    "quoteQty": "15086.58014950",
    "time": 1681565946944,
    "isBuyerMaker": false,
    "isBestMatch": true
  },
  {
    "id": 3082371725,
    "price": "30335.15000000",
    "qty": "0.08477000",
    "quoteQty": "2571.51066550",
    "time": 1681565946981,
    "isBuyerMaker": false,
    "isBestMatch": true
  },
  {
    "id": 3082371726,
    "price": "30335.15000000",
    "qty": "0.77000000",
    "quoteQty": "23358.06550000",
    "time": 1681565946981,
    "isBuyerMaker": false,
    "isBestMatch": true
  },
  {
    "id": 3082371727,
    "price": "30335.15000000",
    "qty": "0.08231000",
    "quoteQty": "2496.88619650",
    "time": 1681565946981,
    "isBuyerMaker": false,
    "isBestMatch": true
  },
  {
    "id": 3082371728,
    "price": "30335.60000000",
    "qty": "0.00654000",
    "quoteQty": "198.39482400",
    "time": 1681565946988,
    "isBuyerMaker": false,
    "isBestMatch": true
  },
  {
    "id": 3082371729,
    "price": "30336.03000000",
    "qty": "0.00082000",
    "quoteQty": "24.87554460",
    "time": 1681565947000,
    "isBuyerMaker": false,
    "isBestMatch": true
  },
  {
    "id": 3082371730,
    "price": "30336.18000000",
    "qty": "0.00676000",
    "quoteQty": "205.07257680",
    "time": 1681565947010,
    "isBuyerMaker": false,
    "isBestMatch": true
  },
  {
    "id": 3082371731,
    "price": "30336.19000000",
    "qty": "0.00037000",
    "quoteQty": "11.22439030",
    "time": 1681565947010,
    "isBuyerMaker": false,
    "isBestMatch": true
  },
  {
    "id": 3082371732,
    "price": "30336.19000000",
    "qty": "0.00135000",
    "quoteQty": "40.95385650",
    "time": 1681565947010,
    "isBuyerMaker": false,
    "isBestMatch": true
  },
  {
    "id": 3082371733,
    "price": "30336.19000000",
    "qty": "0.00033000",
    "quoteQty": "10.01094270",
    "time": 1681565947010,
    "isBuyerMaker": false,
    "isBestMatch": true
  },
  {
    "id": 3082371734,
    "price": "30336.19000000",
    "qty": "0.01606000",
    "quoteQty": "487.19921140",
    "time": 1681565947010,
    "isBuyerMaker": false,
    "isBestMatch": true
  },
  {
    "id": 3082371735,
    "price": "30336.19000000",
    "qty": "0.00550000",
    "quoteQty": "166.84904500",
    "time": 1681565947010,
    "isBuyerMaker": false,
    "isBestMatch": true
  },
  {
    "id": 3082371736,
    "price": "30336.19000000",
    "qty": "0.00102000",
    "quoteQty": "30.94291380",
    "time": 1681565947010,
    "isBuyerMaker": false,
    "isBestMatch": true
  },
  {
    "id": 3082371737,
    "price": "30336.21000000",
    "qty": "0.00761000",
    "quoteQty": "230.85855810",
    "time": 1681565947010,
    "isBuyerMaker": false,
    "isBestMatch": true
  },
  {
    "id": 3082371738,
    "price": "30336.30000000",
    "qty": "0.00481000",
    "quoteQty": "145.91760300",
    "time": 1681565947010,
    "isBuyerMaker": false,
    "isBestMatch": true
  },
  {
    "id": 3082371739,
    "price": "30336.92000000",
    "qty": "0.00036000",
    "quoteQty": "10.92129120",
    "time": 1681565947019,
    "isBuyerMaker": false,
    "isBestMatch": true
  },
  {
    "id": 3082371740,
    "price": "30337.12000000",
    "qty": "0.00677000",
    "quoteQty": "205.38230240",
    "time": 1681565947029,
    "isBuyerMaker": false,
    "isBestMatch": true
  },
  {
    "id": 3082371741,
    "price": "30337.60000000",
    "qty": "0.00200000",
    "quoteQty": "60.67520000",
    "time": 1681565947030,
    "isBuyerMaker": false,
    "isBestMatch": true
  },
  {
    "id": 3082371742,
    "price": "30337.70000000",
    "qty": "0.00044000",
    "quoteQty": "13.34858800",
    "time": 1681565947030,
    "isBuyerMaker": false,
    "isBestMatch": true
  },
  {
    "id": 3082371743,
    "price": "30337.90000000",
    "qty": "0.00656000",
    "quoteQty": "199.01662400",
    "time": 1681565947030,
    "isBuyerMaker": false,
    "isBestMatch": true
  },
  {
    "id": 3082371744,
    "price": "30338.69000000",
    "qty": "0.00800000",
    "quoteQty": "242.70952000",
    "time": 1681565947052,
    "isBuyerMaker": false,
    "isBestMatch": true
  },
  {
    "id": 3082371745,
    "price": "30338.71000000",
    "qty": "0.00034000",
    "quoteQty": "10.31516140",
    "time": 1681565947085,
    "isBuyerMaker": false,
    "isBestMatch": true
  },
  {
    "id": 3082371746,
    "price": "30338.74000000",
    "qty": "0.00078000",
    "quoteQty": "23.66421720",
    "time": 1681565947377,
    "isBuyerMaker": false,
    "isBestMatch": true
  },
  {
    "id": 3082371747,
    "price": "30338.74000000",
    "qty": "0.00742000",
    "quoteQty": "225.11345080",
    "time": 1681565947516,
    "isBuyerMaker": false,
    "isBestMatch": true
  },
  {
    "id": 3082371748,
    "price": "30338.73000000",
    "qty": "0.00229000",
    "quoteQty": "69.47569170",
    "time": 1681565947572,
    "isBuyerMaker": true,
    "isBestMatch": true
  },
  {
    "id": 3082371749,
    "price": "30338.73000000",
    "qty": "0.00146000",
    "quoteQty": "44.29454580",
    "time": 1681565947681,
    "isBuyerMaker": true,
    "isBestMatch": true
  },
  {
    "id": 3082371750,
    "price": "30338.73000000",
    "qty": "0.00255000",
    "quoteQty": "77.36376150",
    "time": 1681565947755,
    "isBuyerMaker": true,
    "isBestMatch": true
  },
  {
    "id": 3082371751,
    "price": "30338.73000000",
    "qty": "0.02400000",
    "quoteQty": "728.12952000",
    "time": 1681565947888,
    "isBuyerMaker": true,
    "isBestMatch": true
  },
  {
    "id": 3082371752,
    "price": "30338.74000000",
    "qty": "0.00120000",
    "quoteQty": "36.40648800",
    "time": 1681565948339,
    "isBuyerMaker": false,
    "isBestMatch": true
  },
  {
    "id": 3082371753,
    "price": "30338.74000000",
    "qty": "0.00129000",
    "quoteQty": "39.13697460",
    "time": 1681565948798,
    "isBuyerMaker": false,
    "isBestMatch": true
  },
  {
    "id": 3082371754,
    "price": "30338.74000000",
    "qty": "0.00043000",
    "quoteQty": "13.04565820",
    "time": 1681565948905,
    "isBuyerMaker": false,
    "isBestMatch": true
  },
  {
    "id": 3082371755,
    "price": "30338.74000000",
    "qty": "0.27687000",
    "quoteQty": "8399.88694380",
    "time": 1681565948967,
    "isBuyerMaker": false,
    "isBestMatch": true
  },
  {
    "id": 3082371756,
    "price": "30338.73000000",
    "qty": "0.00082000",
    "quoteQty": "24.87775860",
    "time": 1681565948970,
    "isBuyerMaker": true,
    "isBestMatch": true
  },
  {
    "id": 3082371757,
    "price": "30338.73000000",
    "qty": "0.06888000",
    "quoteQty": "2089.73172240",
    "time": 1681565948974,
    "isBuyerMaker": true,
    "isBestMatch": true
  },
  {
    "id": 3082371758,
    "price": "30338.73000000",
    "qty": "0.09000000",
    "quoteQty": "2730.48570000",
    "time": 1681565948974,
    "isBuyerMaker": true,
    "isBestMatch": true
  },
  {
    "id": 3082371759,
    "price": "30338.73000000",
    "qty": "0.03731000",
    "quoteQty": "1131.93801630",
    "time": 1681565948974,
    "isBuyerMaker": true,
    "isBestMatch": true
  },
  {
    "id": 3082371760,
    "price": "30338.73000000",
    "qty": "0.01712000",
    "quoteQty": "519.39905760",
    "time": 1681565948974,
    "isBuyerMaker": true,
    "isBestMatch": true
  },
  {
    "id": 3082371761,
    "price": "30338.74000000",
    "qty": "0.00150000",
    "quoteQty": "45.50811000",
    "time": 1681565948977,
    "isBuyerMaker": false,
    "isBestMatch": true
  },
  {
    "id": 3082371762,
    "price": "30338.74000000",
    "qty": "0.00100000",
    "quoteQty": "30.33874000",
    "time": 1681565949031,
    "isBuyerMaker": false,
    "isBestMatch": true
  },
  {
    "id": 3082371763,
    "price": "30338.74000000",
    "qty": "0.00083000",
    "quoteQty": "25.18115420",
    "time": 1681565949083,
    "isBuyerMaker": false,
    "isBestMatch": true
  },
  {
    "id": 3082371764,
    "price": "30338.73000000",
    "qty": "0.00336000",
    "quoteQty": "101.93813280",
    "time": 1681565949234,
    "isBuyerMaker": true,
    "isBestMatch": true
  },
  {
    "id": 3082371765,
    "price": "30338.73000000",
    "qty": "0.00336000",
    "quoteQty": "101.93813280",
    "time": 1681565949440,
    "isBuyerMaker": true,
    "isBestMatch": true
  },
  {
    "id": 3082371766,
    "price": "30338.73000000",
    "qty": "0.00336000",
    "quoteQty": "101.93813280",
    "time": 1681565949646,
    "isBuyerMaker": true,
    "isBestMatch": true
  },
  {
    "id": 3082371767,
    "price": "30338.73000000",
    "qty": "0.00314000",
    "quoteQty": "95.26361220",
    "time": 1681565949791,
    "isBuyerMaker": true,
    "isBestMatch": true
  },
  {
    "id": 3082371768,
    "price": "30338.74000000",
    "qty": "0.00127000",
    "quoteQty": "38.53019980",
    "time": 1681565949792,
    "isBuyerMaker": false,
    "isBestMatch": true
  },
  {
    "id": 3082371769,
    "price": "30338.74000000",
    "qty": "0.00163000",
    "quoteQty": "49.45214620",
    "time": 1681565949933,
    "isBuyerMaker": false,
    "isBestMatch": true
  },
  {
    "id": 3082371770,
    "price": "30338.74000000",
    "qty": "0.00163000",
    "quoteQty": "49.45214620",
    "time": 1681565949933,
    "isBuyerMaker": false,
    "isBestMatch": true
  },
  {
    "id": 3082371771,
    "price": "30338.74000000",
    "qty": "0.00329000",
    "quoteQty": "99.81445460",
    "time": 1681565949954,
    "isBuyerMaker": false,
    "isBestMatch": true
  },
  {
    "id": 3082371772,
    "price": "30338.74000000",
    "qty": "0.00324000",
    "quoteQty": "98.29751760",
    "time": 1681565950205,
    "isBuyerMaker": false,
    "isBestMatch": true
  },
  {
    "id": 3082371773,
    "price": "30338.73000000",
    "qty": "0.03270000",
    "quoteQty": "992.07647100",
    "time": 1681565950538,
    "isBuyerMaker": true,
    "isBestMatch": true
  },
  {
    "id": 3082371774,
    "price": "30338.74000000",
    "qty": "0.00151000",
    "quoteQty": "45.81149740",
    "time": 1681565950711,
    "isBuyerMaker": false,
    "isBestMatch": true
  },
  {
    "id": 3082371775,
    "price": "30338.74000000",
    "qty": "0.02353000",
    "quoteQty": "713.87055220",
    "time": 1681565950805,
    "isBuyerMaker": false,
    "isBestMatch": true
  },
  {
    "id": 3082371776,
    "price": "30338.73000000",
    "qty": "0.00356000",
    "quoteQty": "108.00587880",
    "time": 1681565950917,
    "isBuyerMaker": true,
    "isBestMatch": true
  },
  {
    "id": 3082371777,
    "price": "30338.73000000",
    "qty": "0.00421000",
    "quoteQty": "127.72605330",
    "time": 1681565951504,
    "isBuyerMaker": true,
    "isBestMatch": true
  },
  {
    "id": 3082371778,
    "price": "30338.74000000",
    "qty": "0.01082000",
    "quoteQty": "328.26516680",
    "time": 1681565951542,
    "isBuyerMaker": false,
    "isBestMatch": true
  },
  {
    "id": 3082371779,
    "price": "30338.73000000",
    "qty": "0.01919000",
    "quoteQty": "582.20022870",
    "time": 1681565951643,
    "isBuyerMaker": true,
    "isBestMatch": true
  },
  {
    "id": 3082371780,
    "price": "30338.73000000",
    "qty": "0.12623000",
    "quoteQty": "3829.65788790",
    "time": 1681565951643,
    "isBuyerMaker": true,
    "isBestMatch": true
  },
  {
    "id": 3082371781,
    "price": "30338.74000000",
    "qty": "0.04094000",
    "quoteQty": "1242.06801560",
    "time": 1681565951800,
    "isBuyerMaker": false,
    "isBestMatch": true
  },
  {
    "id": 3082371782,
    "price": "30338.74000000",
    "qty": "0.00035000",
    "quoteQty": "10.61855900",
    "time": 1681565952124,
    "isBuyerMaker": false,
    "isBestMatch": true
  },
  {
    "id": 3082371783,
    "price": "30338.74000000",
    "qty": "0.00276000",
    "quoteQty": "83.73492240",
    "time": 1681565952273,
    "isBuyerMaker": false,
    "isBestMatch": true
  },
  {
    "id": 3082371784,
    "price": "30338.73000000",
    "qty": "0.00062000",
    "quoteQty": "18.81001260",
    "time": 1681565952711,
    "isBuyerMaker": true,
    "isBestMatch": true
  },
  {
    "id": 3082371785,
    "price": "30338.74000000",
    "qty": "0.01753000",
    "quoteQty": "531.83811220",
    "time": 1681565952792,
    "isBuyerMaker": false,
    "isBestMatch": true
  },
  {
    "id": 3082371786,
    "price": "30338.73000000",
    "qty": "0.00190000",
    "quoteQty": "57.64358700",
    "time": 1681565953200,
    "isBuyerMaker": true,
    "isBestMatch": true
  },
  {
    "id": 3082371787,
    "price": "30338.74000000",
    "qty": "0.01443000",
    "quoteQty": "437.78801820",
    "time": 1681565953715,
    "isBuyerMaker": false,
    "isBestMatch": true
  },
  {
    "id": 3082371788,
    "price": "30338.74000000",
    "qty": "0.02810000",
    "quoteQty": "852.51859400",
    "time": 1681565953811,
    "isBuyerMaker": false,
    "isBestMatch": true
  },
  {
    "id": 3082371789,
    "price": "30338.74000000",
    "qty": "0.00355000",
    "quoteQty": "107.70252700",
    "time": 1681565954799,
    "isBuyerMaker": false,
    "isBestMatch": true
  },
  {
    "id": 3082371790,
    "price": "30338.73000000",
    "qty": "0.00056000",
    "quoteQty": "16.98968880",
    "time": 1681565955111,
    "isBuyerMaker": true,
    "isBestMatch": true
  },
  {
    "id": 3082371791,
    "price": "30338.73000000",
    "qty": "0.00072000",
    "quoteQty": "21.84388560",
    "time": 1681565955156,
    "isBuyerMaker": true,
    "isBestMatch": true
  },
  {
    "id": 3082371792,
    "price": "30338.73000000",
    "qty": "0.00259000",
    "quoteQty": "78.57731070",
    "time": 1681565955576,
    "isBuyerMaker": true,
    "isBestMatch": true
  },
  {
    "id": 3082371793,
    "price": "30338.73000000",
    "qty": "0.00270000",
    "quoteQty": "81.91457100",
    "time": 1681565955595,
    "isBuyerMaker": true,
    "isBestMatch": true
  },
  {
    "id": 3082371794,
    "price": "30338.73000000",
    "qty": "0.01513000",
    "quoteQty": "459.02498490",
    "time": 1681565955609,
    "isBuyerMaker": true,
    "isBestMatch": true
  },
  {
    "id": 3082371795,
    "price": "30338.73000000",
    "qty": "0.00133000",
    "quoteQty": "40.35051090",
    "time": 1681565955730,
    "isBuyerMaker": true,
    "isBestMatch": true
  },
  {
    "id": 3082371796,
    "price": "30338.74000000",
    "qty": "0.00036000",
    "quoteQty": "10.92194640",
    "time": 1681565956593,
    "isBuyerMaker": false,
    "isBestMatch": true
  },
  {
    "id": 3082371797,
    "price": "30338.74000000",
    "qty": "0.00034000",
    "quoteQty": "10.31517160",
    "time": 1681565956724,
    "isBuyerMaker": false,
    "isBestMatch": true
  },
  {
    "id": 3082371798,
    "price": "30338.74000000",
    "qty": "0.00100000",
    "quoteQty": "30.33874000",
    "time": 1681565956798,
    "isBuyerMaker": false,
    "isBestMatch": true
  },
  {
    "id": 3082371799,
    "price": "30338.73000000",
    "qty": "0.00884000",
    "quoteQty": "268.19437320",
    "time": 1681565956856,
    "isBuyerMaker": true,
    "isBestMatch": true
  },
  {
    "id": 3082371800,
    "price": "30338.73000000",
    "qty": "0.00133000",
    "quoteQty": "40.35051090",
    "time": 1681565957565,
    "isBuyerMaker": true,
    "isBestMatch": true
  },
  {
    "id": 3082371801,
    "price": "30338.74000000",
    "qty": "0.00216000",
    "quoteQty": "65.53167840",
    "time": 1681565957619,
    "isBuyerMaker": false,
    "isBestMatch": true
  },
  {
    "id": 3082371802,
    "price": "30338.74000000",
    "qty": "0.01576000",
    "quoteQty": "478.13854240",
    "time": 1681565957701,
    "isBuyerMaker": false,
    "isBestMatch": true
  },
  {
    "id": 3082371803,
    "price": "30338.74000000",
    "qty": "0.00143000",
    "quoteQty": "43.38439820",
    "time": 1681565957793,
    "isBuyerMaker": false,
    "isBestMatch": true
  },
  {
    "id": 3082371804,
    "price": "30338.73000000",
    "qty": "0.00199000",
    "quoteQty": "60.37407270",
    "time": 1681565958168,
    "isBuyerMaker": true,
    "isBestMatch": true
  },
  {
    "id": 3082371805,
    "price": "30338.74000000",
    "qty": "0.00209000",
    "quoteQty": "63.40796660",
    "time": 1681565958453,
    "isBuyerMaker": false,
    "isBestMatch": true
  },
  {
    "id": 3082371806,
    "price": "30338.74000000",
    "qty": "0.08231000",
    "quoteQty": "2497.18168940",
    "time": 1681565958560,
    "isBuyerMaker": false,
    "isBestMatch": true
  },
  {
    "id": 3082371807,
    "price": "30338.74000000",
    "qty": "0.00034000",
    "quoteQty": "10.31517160",
    "time": 1681565958560,
    "isBuyerMaker": false,
    "isBestMatch": true
  },
  {
    "id": 3082371808,
    "price": "30338.74000000",
    "qty": "0.00649000",
    "quoteQty": "196.89842260",
    "time": 1681565958560,
    "isBuyerMaker": false,
    "isBestMatch": true
  },
  {
    "id": 3082371809,
    "price": "30338.74000000",
    "qty": "0.00670000",
    "quoteQty": "203.26955800",
    "time": 1681565958560,
    "isBuyerMaker": false,
    "isBestMatch": true
  },
  {
    "id": 3082371810,
    "price": "30338.74000000",
    "qty": "0.00128000",
    "quoteQty": "38.83358720",
    "time": 1681565958560,
    "isBuyerMaker": false,
    "isBestMatch": true
  },
  {
    "id": 3082371811,
    "price": "30338.74000000",
    "qty": "0.00039000",
    "quoteQty": "11.83210860",
    "time": 1681565958560,
    "isBuyerMaker": false,
    "isBestMatch": true
  },
  {
    "id": 3082371812,
    "price": "30338.74000000",
    "qty": "0.00044000",
    "quoteQty": "13.34904560",
    "time": 1681565958560,
    "isBuyerMaker": false,
    "isBestMatch": true
  },
  {
    "id": 3082371813,
    "price": "30338.74000000",
    "qty": "0.00045000",
    "quoteQty": "13.65243300",
    "time": 1681565958560,
    "isBuyerMaker": false,
    "isBestMatch": true
  },
  {
    "id": 3082371814,
    "price": "30338.74000000",
    "qty": "0.00036000",
    "quoteQty": "10.92194640",
    "time": 1681565958560,
    "isBuyerMaker": false,
    "isBestMatch": true
  },
  {
    "id": 3082371815,
    "price": "30338.74000000",
    "qty": "0.00035000",
    "quoteQty": "10.61855900",
    "time": 1681565958560,
    "isBuyerMaker": false,
    "isBestMatch": true
  },
  {
    "id": 3082371816,
    "price": "30338.74000000",
    "qty": "0.00041000",
    "quoteQty": "12.43888340",
    "time": 1681565958560,
    "isBuyerMaker": false,
    "isBestMatch": true
  },
  {
    "id": 3082371817,
    "price": "30338.74000000",
    "qty": "0.00033000",
    "quoteQty": "10.01178420",
    "time": 1681565958560,
    "isBuyerMaker": false,
    "isBestMatch": true
  },
  {
    "id": 3082371818,
    "price": "30338.74000000",
    "qty": "0.00061000",
    "quoteQty": "18.50663140",
    "time": 1681565958560,
    "isBuyerMaker": false,
    "isBestMatch": true
  },
  {
    "id": 3082371819,
    "price": "30338.74000000",
    "qty": "0.00034000",
    "quoteQty": "10.31517160",
    "time": 1681565958560,
    "isBuyerMaker": false,
    "isBestMatch": true
  },
  {
    "id": 3082371820,
    "price": "30338.74000000",
    "qty": "0.00037000",
    "quoteQty": "11.22533380",
    "time": 1681565958560,
    "isBuyerMaker": false,
    "isBestMatch": true
  },
  {
    "id": 3082371821,
    "price": "30338.74000000",
    "qty": "0.00232000",
    "quoteQty": "70.38587680",
    "time": 1681565958560,
    "isBuyerMaker": false,
    "isBestMatch": true
  },
  {
    "id": 3082371822,
    "price": "30338.74000000",
    "qty": "0.01078000",
    "quoteQty": "327.05161720",
    "time": 1681565958560,
    "isBuyerMaker": false,
    "isBestMatch": true
  },
  {
    "id": 3082371823,
    "price": "30338.74000000",
    "qty": "0.00060000",
    "quoteQty": "18.20324400",
    "time": 1681565958560,
    "isBuyerMaker": false,
    "isBestMatch": true
  },
  {
    "id": 3082371824,
    "price": "30338.74000000",
    "qty": "0.01972000",
    "quoteQty": "598.27995280",
    "time": 1681565958560,
    "isBuyerMaker": false,
    "isBestMatch": true
  },
  {
    "id": 3082371825,
    "price": "30338.74000000",
    "qty": "0.00033000",
    "quoteQty": "10.01178420",
    "time": 1681565958560,
    "isBuyerMaker": false,
    "isBestMatch": true
  },
  {
    "id": 3082371826,
    "price": "30338.74000000",
    "qty": "0.00061000",
    "quoteQty": "18.50663140",
    "time": 1681565958560,
    "isBuyerMaker": false,
    "isBestMatch": true
  },
  {
    "id": 3082371827,
    "price": "30338.75000000",
    "qty": "0.01713000",
    "quoteQty": "519.70278750",
    "time": 1681565958560,
    "isBuyerMaker": false,
    "isBestMatch": true
  },
  {
    "id": 3082371828,
    "price": "30338.75000000",
    "qty": "0.00140000",
    "quoteQty": "42.47425000",
    "time": 1681565958560,
    "isBuyerMaker": false,
    "isBestMatch": true
  },
  {
    "id": 3082371829,
    "price": "30338.76000000",
    "qty": "0.01972000",
    "quoteQty": "598.28034720",
    "time": 1681565958560,
    "isBuyerMaker": false,
    "isBestMatch": true
  },
  {
    "id": 3082371830,
    "price": "30338.78000000",
    "qty": "0.00972000",
    "quoteQty": "294.89294160",
    "time": 1681565958560,
    "isBuyerMaker": false,
    "isBestMatch": true
  },
  {
    "id": 3082371831,
    "price": "30338.78000000",
    "qty": "0.00500000",
    "quoteQty": "151.69390000",
    "time": 1681565958560,
    "isBuyerMaker": false,
    "isBestMatch": true
  },
  {
    "id": 3082371832,
    "price": "30338.78000000",
    "qty": "0.01472000",
    "quoteQty": "446.58684160",
    "time": 1681565958563,
    "isBuyerMaker": false,
    "isBestMatch": true
  },
  {
    "id": 3082371833,
    "price": "30338.85000000",
    "qty": "0.03819000",
    "quoteQty": "1158.64068150",
    "time": 1681565958563,
    "isBuyerMaker": false,
    "isBestMatch": true
  },
  {
    "id": 3082371834,
    "price": "30339.10000000",
    "qty": "0.00036000",
    "quoteQty": "10.92207600",
    "time": 1681565958580,
    "isBuyerMaker": false,
    "isBestMatch": true
  },
  {
    "id": 3082371835,
    "price": "30339.16000000",
    "qty": "0.00766000",
    "quoteQty": "232.39796560",
    "time": 1681565958580,
    "isBuyerMaker": false,
    "isBestMatch": true
  },
  {
    "id": 3082371836,
    "price": "30339.24000000",
    "qty": "0.05000000",
    "quoteQty": "1516.96200000",
    "time": 1681565958580,
    "isBuyerMaker": false,
    "isBestMatch": true
  },
  {
    "id": 3082371837,
    "price": "30339.25000000",
    "qty": "0.00336000",
    "quoteQty": "101.93988000",
    "time": 1681565958580,
    "isBuyerMaker": false,
    "isBestMatch": true
  },
  {
    "id": 3082371838,
    "price": "30339.30000000",
    "qty": "0.00482000",
    "quoteQty": "146.23542600",
    "time": 1681565958580,
    "isBuyerMaker": false,
    "isBestMatch": true
  },
  {
    "id": 3082371839,
    "price": "30339.99000000",
    "qty": "0.00109000",
    "quoteQty": "33.07058910",
    "time": 1681565958628,
    "isBuyerMaker": false,
    "isBestMatch": true
  },
  {
    "id": 3082371840,
    "price": "30340.00000000",
    "qty": "0.03296000",
    "quoteQty": "1000.00640000",
    "time": 1681565958628,
    "isBuyerMaker": false,
    "isBestMatch": true
  },
  {
    "id": 3082371841,
    "price": "30340.00000000",
    "qty": "0.00100000",
    "quoteQty": "30.34000000",
    "time": 1681565958628,
    "isBuyerMaker": false,
    "isBestMatch": true
  },
  {
    "id": 3082371842,
    "price": "30340.25000000",
    "qty": "0.00044000",
    "quoteQty": "13.34971000",
    "time": 1681565958628,
    "isBuyerMaker": false,
    "isBestMatch": true
  },
  {
    "id": 3082371843,
    "price": "30340.75000000",
    "qty": "0.01596000",
    "quoteQty": "484.23837000",
    "time": 1681565958636,
    "isBuyerMaker": false,
    "isBestMatch": true
  },
  {
    "id": 3082371844,
    "price": "30341.13000000",
    "qty": "0.00218000",
    "quoteQty": "66.14366340",
    "time": 1681565958636,
    "isBuyerMaker": false,
    "isBestMatch": true
  },
  {
    "id": 3082371845,
    "price": "30341.25000000",
    "qty": "0.00111000",
    "quoteQty": "33.67878750",
    "time": 1681565958636,
    "isBuyerMaker": false,
    "isBestMatch": true
  },
  {
    "id": 3082371846,
    "price": "30341.30000000",
    "qty": "0.00066000",
    "quoteQty": "20.02525800",
    "time": 1681565958636,
    "isBuyerMaker": false,
    "isBestMatch": true
  },
  {
    "id": 3082371847,
    "price": "30341.76000000",
    "qty": "0.00476000",
    "quoteQty": "144.42677760",
    "time": 1681565958644,
    "isBuyerMaker": false,
    "isBestMatch": true
  },
  {
    "id": 3082371848,
    "price": "30341.94000000",
    "qty": "0.00036000",
    "quoteQty": "10.92309840",
    "time": 1681565958644,
    "isBuyerMaker": false,
    "isBestMatch": true
  },
  {
    "id": 3082371849,
    "price": "30342.00000000",
    "qty": "0.00200000",
    "quoteQty": "60.68400000",
    "time": 1681565958644,
    "isBuyerMaker": false,
    "isBestMatch": true
  },
  {
    "id": 3082371850,
    "price": "30342.14000000",
    "qty": "0.01300000",
    "quoteQty": "394.44782000",
    "time": 1681565958644,
    "isBuyerMaker": false,
    "isBestMatch": true
  },
  {
    "id": 3082371851,
    "price": "30342.20000000",
    "qty": "0.00066000",
    "quoteQty": "20.02585200",
    "time": 1681565958644,
    "isBuyerMaker": false,
    "isBestMatch": true
  },
  {
    "id": 3082371852,
    "price": "30342.49000000",
    "qty": "0.39742000",
    "quoteQty": "12058.71237580",
    "time": 1681565958644,
    "isBuyerMaker": false,
    "isBestMatch": true
  },
  {
    "id": 3082371853,
    "price": "30342.56000000",
    "qty": "0.00945000",
    "quoteQty": "286.73719200",
    "time": 1681565958644,
    "isBuyerMaker": false,
    "isBestMatch": true
  },
  {
    "id": 3082371854,
    "price": "30342.80000000",
    "qty": "0.00044000",
    "quoteQty": "13.35083200",
    "time": 1681565958725,
    "isBuyerMaker": false,
    "isBestMatch": true
  },
  {
    "id": 3082371855,
    "price": "30342.80000000",
    "qty": "0.00639000",
    "quoteQty": "193.89049200",
    "time": 1681565958725,
    "isBuyerMaker": false,
    "isBestMatch": true
  },
  {
    "id": 3082371856,
    "price": "30342.80000000",
    "qty": "0.00010000",
    "quoteQty": "3.03428000",
    "time": 1681565958725,
    "isBuyerMaker": false,
    "isBestMatch": true
  },
  {
    "id": 3082371857,
    "price": "30342.80000000",
    "qty": "0.00044000",
    "quoteQty": "13.35083200",
    "time": 1681565958741,
    "isBuyerMaker": false,
    "isBestMatch": true
  },
  {
    "id": 3082371858,
    "price": "30342.79000000",
    "qty": "0.00080000",
    "quoteQty": "24.27423200",
    "time": 1681565958897,
    "isBuyerMaker": true,
    "isBestMatch": true
  },
  {
    "id": 3082371859,
    "price": "30342.80000000",
    "qty": "0.00602000",
    "quoteQty": "182.66365600",
    "time": 1681565958936,
    "isBuyerMaker": false,
    "isBestMatch": true
  },
  {
    "id": 3082371860,
    "price": "30342.80000000",
    "qty": "0.08231000",
    "quoteQty": "2497.51586800",
    "time": 1681565958936,
    "isBuyerMaker": false,
    "isBestMatch": true
  },
  {
    "id": 3082371861,
    "price": "30342.80000000",
    "qty": "0.01600000",
    "quoteQty": "485.48480000",
    "time": 1681565958936,
    "isBuyerMaker": false,
    "isBestMatch": true
  },
  {
    "id": 3082371862,
    "price": "30342.80000000",
    "qty": "0.00034000",
    "quoteQty": "10.31655200",
    "time": 1681565958936,
    "isBuyerMaker": false,
    "isBestMatch": true
  },
  {
    "id": 3082371863,
    "price": "30342.81000000",
    "qty": "0.00273000",
    "quoteQty": "82.83587130",
    "time": 1681565958942,
    "isBuyerMaker": false,
    "isBestMatch": true
  },
  {
    "id": 3082371864,
    "price": "30343.08000000",
    "qty": "0.13530000",
    "quoteQty": "4105.41872400",
    "time": 1681565959016,
    "isBuyerMaker": false,
    "isBestMatch": true
  },
  {
    "id": 3082371865,
    "price": "30343.10000000",
    "qty": "0.00066000",
    "quoteQty": "20.02644600",
    "time": 1681565959571,
    "isBuyerMaker": false,
    "isBestMatch": true
  },
  {
    "id": 3082371866,
    "price": "30343.19000000",
    "qty": "0.18222000",
    "quoteQty": "5529.13608180",
    "time": 1681565959589,
    "isBuyerMaker": false,
    "isBestMatch": true
  },
  {
    "id": 3082371867,
    "price": "30343.19000000",
    "qty": "0.45678000",
    "quoteQty": "13860.16232820",
    "time": 1681565959589,
    "isBuyerMaker": false,
    "isBestMatch": true
  },
  {
    "id": 3082371868,
    "price": "30343.47000000",
    "qty": "0.01602000",
    "quoteQty": "486.10238940",
    "time": 1681565959589,
    "isBuyerMaker": false,
    "isBestMatch": true
  },
  {
    "id": 3082371869,
    "price": "30344.00000000",
    "qty": "0.00066000",
    "quoteQty": "20.02704000",
    "time": 1681565959600,
    "isBuyerMaker": false,
    "isBestMatch": true
  },
  {
    "id": 3082371870,
    "price": "30344.13000000",
    "qty": "0.00487000",
    "quoteQty": "147.77591310",
    "time": 1681565959610,
    "isBuyerMaker": false,
    "isBestMatch": true
  },
  {
    "id": 3082371871,
    "price": "30344.26000000",
    "qty": "0.00336000",
    "quoteQty": "101.95671360",
    "time": 1681565959621,
    "isBuyerMaker": false,
    "isBestMatch": true
  },
  {
    "id": 3082371872,
    "price": "30344.32000000",
    "qty": "0.00687000",
    "quoteQty": "208.46547840",
    "time": 1681565959632,
    "isBuyerMaker": false,
    "isBestMatch": true
  },
  {
    "id": 3082371873,
    "price": "30344.59000000",
    "qty": "0.00036000",
    "quoteQty": "10.92405240",
    "time": 1681565959643,
    "isBuyerMaker": false,
    "isBestMatch": true
  },
  {
    "id": 3082371874,
    "price": "30344.81000000",
    "qty": "0.00070000",
    "quoteQty": "21.24136700",
    "time": 1681565959653,
    "isBuyerMaker": false,
    "isBestMatch": true
  },
  {
    "id": 3082371875,
    "price": "30345.00000000",
    "qty": "0.00100000",
    "quoteQty": "30.34500000",
    "time": 1681565959662,
    "isBuyerMaker": false,
    "isBestMatch": true
  },
  {
    "id": 3082371876,
    "price": "30345.28000000",
    "qty": "0.00284000",
    "quoteQty": "86.18059520",
    "time": 1681565959675,
    "isBuyerMaker": true,
    "isBestMatch": true
  },
  {
    "id": 3082371877,
    "price": "30345.28000000",
    "qty": "0.00329000",
    "quoteQty": "99.83597120",
    "time": 1681565959735,
    "isBuyerMaker": true,
    "isBestMatch": true
  },
  {
    "id": 3082371878,
    "price": "30345.29000000",
    "qty": "0.00216000",
    "quoteQty": "65.54582640",
    "time": 1681565959823,
    "isBuyerMaker": false,
    "isBestMatch": true
  },
  {
    "id": 3082371879,
    "price": "30345.29000000",
    "qty": "0.05345000",
    "quoteQty": "1621.95575050",
    "time": 1681565959853,
    "isBuyerMaker": false,
    "isBestMatch": true
  },
  {
    "id": 3082371880,
    "price": "30345.29000000",
    "qty": "0.00133000",
    "quoteQty": "40.35923570",
    "time": 1681565959885,
    "isBuyerMaker": false,
    "isBestMatch": true
  },
  {
    "id": 3082371881,
    "price": "30345.29000000",
    "qty": "0.00314000",
    "quoteQty": "95.28421060",
    "time": 1681565959952,
    "isBuyerMaker": false,
    "isBestMatch": true
  },
  {
    "id": 3082371882,
    "price": "30345.29000000",
    "qty": "0.00314000",
    "quoteQty": "95.28421060",
    "time": 1681565959993,
    "isBuyerMaker": false,
    "isBestMatch": true
  },
  {
    "id": 3082371883,
    "price": "30345.29000000",
    "qty": "0.00314000",
    "quoteQty": "95.28421060",
    "time": 1681565960021,
    "isBuyerMaker": false,
    "isBestMatch": true
  },
  {
    "id": 3082371884,
    "price": "30345.29000000",
    "qty": "0.50723000",
    "quoteQty": "15392.04144670",
    "time": 1681565960090,
    "isBuyerMaker": false,
    "isBestMatch": true
  },
  {
    "id": 3082371885,
    "price": "30345.29000000",
    "qty": "0.00187000",
    "quoteQty": "56.74569230",
    "time": 1681565960204,
    "isBuyerMaker": false,
    "isBestMatch": true
  },
  {
    "id": 3082371886,
    "price": "30345.29000000",
    "qty": "0.04177000",
    "quoteQty": "1267.52276330",
    "time": 1681565960605,
    "isBuyerMaker": false,
    "isBestMatch": true
  },
  {
    "id": 3082371887,
    "price": "30345.29000000",
    "qty": "0.00068000",
    "quoteQty": "20.63479720",
    "time": 1681565960605,
    "isBuyerMaker": false,
    "isBestMatch": true
  },
  {
    "id": 3082371888,
    "price": "30345.29000000",
    "qty": "0.00047000",
    "quoteQty": "14.26228630",
    "time": 1681565960668,
    "isBuyerMaker": false,
    "isBestMatch": true
  },
  {
    "id": 3082371889,
    "price": "30345.29000000",
    "qty": "0.00079000",
    "quoteQty": "23.97277910",
    "time": 1681565960668,
    "isBuyerMaker": false,
    "isBestMatch": true
  },
  {
    "id": 3082371890,
    "price": "30345.29000000",
    "qty": "0.00117000",
    "quoteQty": "35.50398930",
    "time": 1681565960797,
    "isBuyerMaker": false,
    "isBestMatch": true
  },
  {
    "id": 3082371891,
    "price": "30345.29000000",
    "qty": "0.01399000",
    "quoteQty": "424.53060710",
    "time": 1681565960821,
    "isBuyerMaker": false,
    "isBestMatch": true
  },
  {
    "id": 3082371892,
    "price": "30345.29000000",
    "qty": "0.06284000",
    "quoteQty": "1906.89802360",
    "time": 1681565960856,
    "isBuyerMaker": false,
    "isBestMatch": true
  },
  {
    "id": 3082371893,
    "price": "30345.28000000",
    "qty": "0.00122000",
    "quoteQty": "37.02124160",
    "time": 1681565960959,
    "isBuyerMaker": true,
    "isBestMatch": true
  },
  {
    "id": 3082371894,
    "price": "30345.29000000",
    "qty": "0.20700000",
    "quoteQty": "6281.47503000",
    "time": 1681565961022,
    "isBuyerMaker": false,
    "isBestMatch": true
  },
  {
    "id": 3082371895,
    "price": "30345.29000000",
    "qty": "0.00082000",
    "quoteQty": "24.88313780",
    "time": 1681565961037,
    "isBuyerMaker": false,
    "isBestMatch": true
  },
  {
    "id": 3082371896,
    "price": "30345.29000000",
    "qty": "0.03458000",
    "quoteQty": "1049.34012820",
    "time": 1681565961056,
    "isBuyerMaker": false,
    "isBestMatch": true
  },
  {
    "id": 3082371897,
    "price": "30345.29000000",
    "qty": "0.14974000",
    "quoteQty": "4543.90372460",
    "time": 1681565961090,
    "isBuyerMaker": false,
    "isBestMatch": true
  },
  {
    "id": 3082371898,
    "price": "30345.28000000",
    "qty": "0.00186000",
    "quoteQty": "56.44222080",
    "time": 1681565961298,
    "isBuyerMaker": true,
    "isBestMatch": true
  },
  {
    "id": 3082371899,
    "price": "30345.28000000",
    "qty": "0.10000000",
    "quoteQty": "3034.52800000",
    "time": 1681565961376,
    "isBuyerMaker": true,
    "isBestMatch": true
  },
  {
    "id": 3082371900,
    "price": "30345.28000000",
    "qty": "0.00053000",
    "quoteQty": "16.08299840",
    "time": 1681565961520,
    "isBuyerMaker": true,
    "isBestMatch": true
  },
  {
    "id": 3082371901,
    "price": "30345.29000000",
    "qty": "0.04202000",
    "quoteQty": "1275.10908580",
    "time": 1681565962212,
    "isBuyerMaker": false,
    "isBestMatch": true
  },
  {
    "id": 3082371902,
    "price": "30345.28000000",
    "qty": "0.09947000",
    "quoteQty": "3018.44500160",
    "time": 1681565962781,
    "isBuyerMaker": true,
    "isBestMatch": true
  },
  {
    "id": 3082371903,
    "price": "30345.28000000",
    "qty": "0.20000000",
    "quoteQty": "6069.05600000",
    "time": 1681565962781,
    "isBuyerMaker": true,
    "isBestMatch": true
  },
  {
    "id": 3082371904,
    "price": "30345.28000000",
    "qty": "0.15000000",
    "quoteQty": "4551.79200000",
    "time": 1681565962781,
    "isBuyerMaker": true,
    "isBestMatch": true
  },
  {
    "id": 3082371905,
    "price": "30345.28000000",
    "qty": "0.00036000",
    "quoteQty": "10.92430080",
    "time": 1681565962781,
    "isBuyerMaker": true,
    "isBestMatch": true
  },
  {
    "id": 3082371906,
    "price": "30345.28000000",
    "qty": "0.01481000",
    "quoteQty": "449.41359680",
    "time": 1681565962781,
    "isBuyerMaker": true,
    "isBestMatch": true
  },
  {
    "id": 3082371907,
    "price": "30345.28000000",
    "qty": "0.00376000",
    "quoteQty": "114.09825280",
    "time": 1681565962781,
    "isBuyerMaker": true,
    "isBestMatch": true
  },
  {
    "id": 3082371908,
    "price": "30345.28000000",
    "qty": "0.01506000",
    "quoteQty": "456.99991680",
    "time": 1681565962781,
    "isBuyerMaker": true,
    "isBestMatch": true
  },
  {
    "id": 3082371909,
    "price": "30345.28000000",
    "qty": "0.15410000",
    "quoteQty": "4676.20764800",
    "time": 1681565962781,
    "isBuyerMaker": true,
    "isBestMatch": true
  },
  {
    "id": 3082371910,
    "price": "30345.28000000",
    "qty": "0.33972000",
    "quoteQty": "10308.89852160",
    "time": 1681565962782,
    "isBuyerMaker": true,
    "isBestMatch": true
  },
  {
    "id": 3082371911,
    "price": "30345.28000000",
    "qty": "0.03929000",
    "quoteQty": "1192.26605120",
    "time": 1681565962782,
    "isBuyerMaker": true,
    "isBestMatch": true
  },
  {
    "id": 3082371912,
    "price": "30345.28000000",
    "qty": "0.00055000",
    "quoteQty": "16.68990400",
    "time": 1681565962782,
    "isBuyerMaker": true,
    "isBestMatch": true
  },
  {
    "id": 3082371913,
    "price": "30345.28000000",
    "qty": "0.00050000",
    "quoteQty": "15.17264000",
    "time": 1681565962782,
    "isBuyerMaker": true,
    "isBestMatch": true
  },
  {
    "id": 3082371914,
    "price": "30345.28000000",
    "qty": "0.00073000",
    "quoteQty": "22.15205440",
    "time": 1681565962782,
    "isBuyerMaker": true,
    "isBestMatch": true
  },
  {
    "id": 3082371915,
    "price": "30345.28000000",
    "qty": "0.01359000",
    "quoteQty": "412.39235520",
    "time": 1681565962782,
    "isBuyerMaker": true,
    "isBestMatch": true
  },
  {
    "id": 3082371916,
    "price": "30345.28000000",
    "qty": "0.03641000",
    "quoteQty": "1104.87164480",
    "time": 1681565962784,
    "isBuyerMaker": true,
    "isBestMatch": true
  },
  {
    "id": 3082371917,
    "price": "30345.28000000",
    "qty": "0.06610000",
    "quoteQty": "2005.82300800",
    "time": 1681565962784,
    "isBuyerMaker": true,
    "isBestMatch": true
  },
  {
    "id": 3082371918,
    "price": "30345.28000000",
    "qty": "0.13332000",
    "quoteQty": "4045.63272960",
    "time": 1681565962784,
    "isBuyerMaker": true,
    "isBestMatch": true
  },
  {
    "id": 3082371919,
    "price": "30345.28000000",
    "qty": "0.00043000",
    "quoteQty": "13.04847040",
    "time": 1681565962784,
    "isBuyerMaker": true,
    "isBestMatch": true
  },
  {
    "id": 3082371920,
    "price": "30345.27000000",
    "qty": "0.01427000",
    "quoteQty": "433.02700290",
    "time": 1681565962784,
    "isBuyerMaker": true,
    "isBestMatch": true
  },
  {
    "id": 3082371921,
    "price": "30345.24000000",
    "qty": "0.00306000",
    "quoteQty": "92.85643440",
    "time": 1681565962784,
    "isBuyerMaker": true,
    "isBestMatch": true
  },
  {
    "id": 3082371922,
    "price": "30344.88000000",
    "qty": "0.25760000",
    "quoteQty": "7816.84108800",
    "time": 1681565962784,
    "isBuyerMaker": true,
    "isBestMatch": true
  },
  {
    "id": 3082371923,
    "price": "30344.88000000",
    "qty": "0.23623000",
    "quoteQty": "7168.37100240",
    "time": 1681565962784,
    "isBuyerMaker": true,
    "isBestMatch": true
  },
  {
    "id": 3082371924,
    "price": "30344.84000000",
    "qty": "0.01461000",
    "quoteQty": "443.33811240",
    "time": 1681565962784,
    "isBuyerMaker": true,
    "isBestMatch": true
  },
  {
    "id": 3082371925,
    "price": "30344.80000000",
    "qty": "0.00125000",
    "quoteQty": "37.93100000",
    "time": 1681565962784,
    "isBuyerMaker": true,
    "isBestMatch": true
  },
  {
    "id": 3082371926,
    "price": "30344.74000000",
    "qty": "0.49383000",
    "quoteQty": "14985.14295420",
    "time": 1681565962784,
    "isBuyerMaker": true,
    "isBestMatch": true
  },
  {
    "id": 3082371927,
    "price": "30344.71000000",
    "qty": "0.00139000",
    "quoteQty": "42.17914690",
    "time": 1681565962788,
    "isBuyerMaker": true,
    "isBestMatch": true
  },
  {
    "id": 3082371928,
    "price": "30344.71000000",
    "qty": "0.00150000",
    "quoteQty": "45.51706500",
    "time": 1681565962788,
    "isBuyerMaker": true,
    "isBestMatch": true
  },
  {
    "id": 3082371929,
    "price": "30344.54000000",
    "qty": "0.00174000",
    "quoteQty": "52.79949960",
    "time": 1681565962794,
    "isBuyerMaker": true,
    "isBestMatch": true
  },
  {
    "id": 3082371930,
    "price": "30344.55000000",
    "qty": "0.00119000",
    "quoteQty": "36.11001450",
    "time": 1681565962803,
    "isBuyerMaker": false,
    "isBestMatch": true
  },
  {
    "id": 3082371931,
    "price": "30344.54000000",
    "qty": "0.40566000",
    "quoteQty": "12309.56609640",
    "time": 1681565962887,
    "isBuyerMaker": true,
    "isBestMatch": true
  },
  {
    "id": 3082371932,
    "price": "30344.54000000",
    "qty": "0.06272000",
    "quoteQty": "1903.20954880",
    "time": 1681565962890,
    "isBuyerMaker": true,
    "isBestMatch": true
  },
  {
    "id": 3082371933,
    "price": "30344.54000000",
    "qty": "0.40794000",
    "quoteQty": "12378.75164760",
    "time": 1681565962891,
    "isBuyerMaker": true,
    "isBestMatch": true
  },
  {
    "id": 3082371934,
    "price": "30344.25000000",
    "qty": "0.00070000",
    "quoteQty": "21.24097500",
    "time": 1681565962895,
    "isBuyerMaker": true,
    "isBestMatch": true
  },
  {
    "id": 3082371935,
    "price": "30343.19000000",
    "qty": "0.07800000",
    "quoteQty": "2366.76882000",
    "time": 1681565962896,
    "isBuyerMaker": true,
    "isBestMatch": true
  },
  {
    "id": 3082371936,
    "price": "30343.10000000",
    "qty": "0.00066000",
    "quoteQty": "20.02644600",
    "time": 1681565962896,
    "isBuyerMaker": true,
    "isBestMatch": true
  },
  {
    "id": 3082371937,
    "price": "30343.07000000",
    "qty": "0.00052000",
    "quoteQty": "15.77839640",
    "time": 1681565962896,
    "isBuyerMaker": true,
    "isBestMatch": true
  },
  {
    "id": 3082371938,
    "price": "30343.07000000",
    "qty": "0.00054000",
    "quoteQty": "16.38525780",
    "time": 1681565962896,
    "isBuyerMaker": true,
    "isBestMatch": true
  },
  {
    "id": 3082371939,
    "price": "30342.90000000",
    "qty": "0.00552000",
    "quoteQty": "167.49280800",
    "time": 1681565962896,
    "isBuyerMaker": true,
    "isBestMatch": true
  },
  {
    "id": 3082371940,
    "price": "30342.58000000",
    "qty": "0.00888000",
    "quoteQty": "269.44211040",
    "time": 1681565962912,
    "isBuyerMaker": false,
    "isBestMatch": true
  },
  {
    "id": 3082371941,
    "price": "30342.57000000",
    "qty": "0.00210000",
    "quoteQty": "63.71939700",
    "time": 1681565962949,
    "isBuyerMaker": true,
    "isBestMatch": true
  },
  {
    "id": 3082371942,
    "price": "30342.52000000",
    "qty": "0.00069000",
    "quoteQty": "20.93633880",
    "time": 1681565962971,
    "isBuyerMaker": true,
    "isBestMatch": true
  },
  {
    "id": 3082371943,
    "price": "30342.28000000",
    "qty": "0.00163000",
    "quoteQty": "49.45791640",
    "time": 1681565962991,
    "isBuyerMaker": true,
    "isBestMatch": true
  },
  {
    "id": 3082371944,
    "price": "30342.28000000",
    "qty": "0.37926000",
    "quoteQty": "11507.61311280",
    "time": 1681565962991,
    "isBuyerMaker": true,
    "isBestMatch": true
  },
  {
    "id": 3082371945,
    "price": "30342.20000000",
    "qty": "0.00066000",
    "quoteQty": "20.02585200",
    "time": 1681565962991,
    "isBuyerMaker": true,
    "isBestMatch": true
  },
  {
    "id": 3082371946,
    "price": "30342.14000000",
    "qty": "0.00069000",
    "quoteQty": "20.93607660",
    "time": 1681565962991,
    "isBuyerMaker": true,
    "isBestMatch": true
  },
  {
    "id": 3082371947,
    "price": "30342.01000000",
    "qty": "0.00070000",
    "quoteQty": "21.23940700",
    "time": 1681565962991,
    "isBuyerMaker": true,
    "isBestMatch": true
  },
  {
    "id": 3082371948,
    "price": "30341.81000000",
    "qty": "0.01319000",
    "quoteQty": "400.20847390",
    "time": 1681565962991,
    "isBuyerMaker": true,
    "isBestMatch": true
  },
  {
    "id": 3082371949,
    "price": "30341.76000000",
    "qty": "0.00069000",
    "quoteQty": "20.93581440",
    "time": 1681565962991,
    "isBuyerMaker": true,
    "isBestMatch": true
  },
  {
    "id": 3082371950,
    "price": "30341.45000000",
    "qty": "0.00070000",
    "quoteQty": "21.23901500",
    "time": 1681565962991,
    "isBuyerMaker": true,
    "isBestMatch": true
  },
  {
    "id": 3082371951,
    "price": "30341.38000000",
    "qty": "0.00069000",
    "quoteQty": "20.93555220",
    "time": 1681565962994,
    "isBuyerMaker": true,
    "isBestMatch": true
  },
  {
    "id": 3082371952,
    "price": "30341.30000000",
    "qty": "0.00066000",
    "quoteQty": "20.02525800",
    "time": 1681565962994,
    "isBuyerMaker": true,
    "isBestMatch": true
  },
  {
    "id": 3082371953,
    "price": "30341.01000000",
    "qty": "0.49352000",
    "quoteQty": "14973.89525520",
    "time": 1681565962994,
    "isBuyerMaker": true,
    "isBestMatch": true
  },
  {
    "id": 3082371954,
    "price": "30341.00000000",
    "qty": "0.00069000",
    "quoteQty": "20.93529000",
    "time": 1681565962994,
    "isBuyerMaker": true,
    "isBestMatch": true
  },
  {
    "id": 3082371955,
    "price": "30340.89000000",
    "qty": "0.00070000",
    "quoteQty": "21.23862300",
    "time": 1681565962994,
    "isBuyerMaker": true,
    "isBestMatch": true
  },
  {
    "id": 3082371956,
    "price": "30340.62000000",
    "qty": "0.00069000",
    "quoteQty": "20.93502780",
    "time": 1681565962994,
    "isBuyerMaker": true,
    "isBestMatch": true
  },
  {
    "id": 3082371957,
    "price": "30340.57000000",
    "qty": "0.00200000",
    "quoteQty": "60.68114000",
    "time": 1681565962994,
    "isBuyerMaker": true,
    "isBestMatch": true
  },
  {
    "id": 3082371958,
    "price": "30340.40000000",
    "qty": "0.00066000",
    "quoteQty": "20.02466400",
    "time": 1681565963028,
    "isBuyerMaker": true,
    "isBestMatch": true
  },
  {
    "id": 3082371959,
    "price": "30340.40000000",
    "qty": "0.00197000",
    "quoteQty": "59.77058800",
    "time": 1681565963028,
    "isBuyerMaker": true,
    "isBestMatch": true
  },
  {
    "id": 3082371960,
    "price": "30340.40000000",
    "qty": "0.00066000",
    "quoteQty": "20.02466400",
    "time": 1681565963030,
    "isBuyerMaker": true,
    "isBestMatch": true
  },
  {
    "id": 3082371961,
    "price": "30340.41000000",
    "qty": "0.00925000",
    "quoteQty": "280.64879250",
    "time": 1681565963033,
    "isBuyerMaker": false,
    "isBestMatch": true
  },
  {
    "id": 3082371962,
    "price": "30340.41000000",
    "qty": "0.00349000",
    "quoteQty": "105.88803090",
    "time": 1681565963092,
    "isBuyerMaker": false,
    "isBestMatch": true
  },
  {
    "id": 3082371963,
    "price": "30340.40000000",
    "qty": "0.49127000",
    "quoteQty": "14905.32830800",
    "time": 1681565963094,
    "isBuyerMaker": true,
    "isBestMatch": true
  },
  {
    "id": 3082371964,
    "price": "30340.33000000",
    "qty": "0.00070000",
    "quoteQty": "21.23823100",
    "time": 1681565963099,
    "isBuyerMaker": true,
    "isBestMatch": true
  },
  {
    "id": 3082371965,
    "price": "30340.25000000",
    "qty": "0.00044000",
    "quoteQty": "13.34971000",
    "time": 1681565963099,
    "isBuyerMaker": true,
    "isBestMatch": true
  },
  {
    "id": 3082371966,
    "price": "30340.24000000",
    "qty": "0.00069000",
    "quoteQty": "20.93476560",
    "time": 1681565963099,
    "isBuyerMaker": true,
    "isBestMatch": true
  },
  {
    "id": 3082371967,
    "price": "30340.00000000",
    "qty": "0.00100000",
    "quoteQty": "30.34000000",
    "time": 1681565963100,
    "isBuyerMaker": true,
    "isBestMatch": true
  },
  {
    "id": 3082371968,
    "price": "30339.86000000",
    "qty": "0.00069000",
    "quoteQty": "20.93450340",
    "time": 1681565963100,
    "isBuyerMaker": true,
    "isBestMatch": true
  },
  {
    "id": 3082371969,
    "price": "30339.77000000",
    "qty": "0.00070000",
    "quoteQty": "21.23783900",
    "time": 1681565963100,
    "isBuyerMaker": true,
    "isBestMatch": true
  },
  {
    "id": 3082371970,
    "price": "30339.50000000",
    "qty": "0.00066000",
    "quoteQty": "20.02407000",
    "time": 1681565963100,
    "isBuyerMaker": true,
    "isBestMatch": true
  },
  {
    "id": 3082371971,
    "price": "30339.48000000",
    "qty": "0.00069000",
    "quoteQty": "20.93424120",
    "time": 1681565963100,
    "isBuyerMaker": true,
    "isBestMatch": true
  },
  {
    "id": 3082371972,
    "price": "30339.21000000",
    "qty": "0.00070000",
    "quoteQty": "21.23744700",
    "time": 1681565963100,
    "isBuyerMaker": true,
    "isBestMatch": true
  },
  {
    "id": 3082371973,
    "price": "30339.10000000",
    "qty": "0.00069000",
    "quoteQty": "20.93397900",
    "time": 1681565963100,
    "isBuyerMaker": true,
    "isBestMatch": true
  },
  {
    "id": 3082371974,
    "price": "30338.96000000",
    "qty": "0.05000000",
    "quoteQty": "1516.94800000",
    "time": 1681565963100,
    "isBuyerMaker": true,
    "isBestMatch": true
  },
  {
    "id": 3082371975,
    "price": "30338.82000000",
    "qty": "0.07800000",
    "quoteQty": "2366.42796000",
    "time": 1681565963100,
    "isBuyerMaker": true,
    "isBestMatch": true
  },
  {
    "id": 3082371976,
    "price": "30338.74000000",
    "qty": "0.08000000",
    "quoteQty": "2427.09920000",
    "time": 1681565963100,
    "isBuyerMaker": true,
    "isBestMatch": true
  },
  {
    "id": 3082371977,
    "price": "30338.74000000",
    "qty": "0.08000000",
    "quoteQty": "2427.09920000",
    "time": 1681565963100,
    "isBuyerMaker": true,
    "isBestMatch": true
  },
  {
    "id": 3082371978,
    "price": "30338.73000000",
    "qty": "0.46099000",
    "quoteQty": "13985.85114270",
    "time": 1681565963100,
    "isBuyerMaker": true,
    "isBestMatch": true
  },
  {
    "id": 3082371979,
    "price": "30338.73000000",
    "qty": "0.00068000",
    "quoteQty": "20.63033640",
    "time": 1681565963100,
    "isBuyerMaker": true,
    "isBestMatch": true
  },
  {
    "id": 3082371980,
    "price": "30338.73000000",
    "qty": "0.00043000",
    "quoteQty": "13.04565390",
    "time": 1681565963100,
    "isBuyerMaker": true,
    "isBestMatch": true
  },
  {
    "id": 3082371981,
    "price": "30338.73000000",
    "qty": "0.00043000",
    "quoteQty": "13.04565390",
    "time": 1681565963100,
    "isBuyerMaker": true,
    "isBestMatch": true
  },
  {
    "id": 3082371982,
    "price": "30338.73000000",
    "qty": "0.00056000",
    "quoteQty": "16.98968880",
    "time": 1681565963100,
    "isBuyerMaker": true,
    "isBestMatch": true
  },
  {
    "id": 3082371983,
    "price": "30338.73000000",
    "qty": "0.00043000",
    "quoteQty": "13.04565390",
    "time": 1681565963100,
    "isBuyerMaker": true,
    "isBestMatch": true
  },
  {
    "id": 3082371984,
    "price": "30338.73000000",
    "qty": "0.00043000",
    "quoteQty": "13.04565390",
    "time": 1681565963100,
    "isBuyerMaker": true,
    "isBestMatch": true
  },
  {
    "id": 3082371985,
    "price": "30338.73000000",
    "qty": "0.00065000",
    "quoteQty": "19.72017450",
    "time": 1681565963100,
    "isBuyerMaker": true,
    "isBestMatch": true
  },
  {
    "id": 3082371986,
    "price": "30338.73000000",
    "qty": "0.00074000",
    "quoteQty": "22.45066020",
    "time": 1681565963100,
    "isBuyerMaker": true,
    "isBestMatch": true
  },
  {
    "id": 3082371987,
    "price": "30338.73000000",
    "qty": "0.00054000",
    "quoteQty": "16.38291420",
    "time": 1681565963100,
    "isBuyerMaker": true,
    "isBestMatch": true
  },
  {
    "id": 3082371988,
    "price": "30338.73000000",
    "qty": "0.00044000",
    "quoteQty": "13.34904120",
    "time": 1681565963100,
    "isBuyerMaker": true,
    "isBestMatch": true
  },
  {
    "id": 3082371989,
    "price": "30338.73000000",
    "qty": "0.00053000",
    "quoteQty": "16.07952690",
    "time": 1681565963100,
    "isBuyerMaker": true,
    "isBestMatch": true
  },
  {
    "id": 3082371990,
    "price": "30338.73000000",
    "qty": "0.00041000",
    "quoteQty": "12.43887930",
    "time": 1681565963100,
    "isBuyerMaker": true,
    "isBestMatch": true
  },
  {
    "id": 3082371991,
    "price": "30338.73000000",
    "qty": "0.00051000",
    "quoteQty": "15.47275230",
    "time": 1681565963100,
    "isBuyerMaker": true,
    "isBestMatch": true
  },
  {
    "id": 3082371992,
    "price": "30338.73000000",
    "qty": "0.00055000",
    "quoteQty": "16.68630150",
    "time": 1681565963100,
    "isBuyerMaker": true,
    "isBestMatch": true
  },
  {
    "id": 3082371993,
    "price": "30338.65000000",
    "qty": "0.00070000",
    "quoteQty": "21.23705500",
    "time": 1681565963100,
    "isBuyerMaker": true,
    "isBestMatch": true
  },
  {
    "id": 3082371994,
    "price": "30338.65000000",
    "qty": "0.00518000",
    "quoteQty": "157.15420700",
    "time": 1681565963100,
    "isBuyerMaker": true,
    "isBestMatch": true
  },
  {
    "id": 3082371995,
    "price": "30338.60000000",
    "qty": "0.00066000",
    "quoteQty": "20.02347600",
    "time": 1681565963100,
    "isBuyerMaker": true,
    "isBestMatch": true
  },
  {
    "id": 3082371996,
    "price": "30338.44000000",
    "qty": "0.12000000",
    "quoteQty": "3640.61280000",
    "time": 1681565963105,
    "isBuyerMaker": true,
    "isBestMatch": true
  },
  {
    "id": 3082371997,
    "price": "30338.44000000",
    "qty": "0.08000000",
    "quoteQty": "2427.07520000",
    "time": 1681565963105,
    "isBuyerMaker": true,
    "isBestMatch": true
  },
  {
    "id": 3082371998,
    "price": "30338.17000000",
    "qty": "0.49394000",
    "quoteQty": "14985.23568980",
    "time": 1681565963105,
    "isBuyerMaker": true,
    "isBestMatch": true
  },
  {
    "id": 3082371999,
    "price": "30338.10000000",
    "qty": "0.00079000",
    "quoteQty": "23.96709900",
    "time": 1681565963141,
    "isBuyerMaker": false,
    "isBestMatch": true
  },
  {
    "id": 3082372000,
    "price": "30338.09000000",
    "qty": "0.00070000",
    "quoteQty": "21.23666300",
    "time": 1681565963218,
    "isBuyerMaker": true,
    "isBestMatch": true
  },
  {
    "id": 3082372001,
    "price": "30337.70000000",
    "qty": "0.00044000",
    "quoteQty": "13.34858800",
    "time": 1681565963218,
    "isBuyerMaker": true,
    "isBestMatch": true
  },
  {
    "id": 3082372002,
    "price": "30337.70000000",
    "qty": "0.00066000",
    "quoteQty": "20.02288200",
    "time": 1681565963218,
    "isBuyerMaker": true,
    "isBestMatch": true
  },
  {
    "id": 3082372003,
    "price": "30337.53000000",
    "qty": "0.00070000",
    "quoteQty": "21.23627100",
    "time": 1681565963218,
    "isBuyerMaker": true,
    "isBestMatch": true
  },
  {
    "id": 3082372004,
    "price": "30337.50000000",
    "qty": "0.05733000",
    "quoteQty": "1739.24887500",
    "time": 1681565963271,
    "isBuyerMaker": false,
    "isBestMatch": true
  },
  {
    "id": 3082372005,
    "price": "30337.49000000",
    "qty": "0.00611000",
    "quoteQty": "185.36206390",
    "time": 1681565963335,
    "isBuyerMaker": true,
    "isBestMatch": true
  },
  {
    "id": 3082372006,
    "price": "30337.49000000",
    "qty": "0.00216000",
    "quoteQty": "65.52897840",
    "time": 1681565963542,
    "isBuyerMaker": true,
    "isBestMatch": true
  },
  {
    "id": 3082372007,
    "price": "30337.49000000",
    "qty": "0.00102000",
    "quoteQty": "30.94423980",
    "time": 1681565963576,
    "isBuyerMaker": true,
    "isBestMatch": true
  },
  {
    "id": 3082372008,
    "price": "30337.49000000",
    "qty": "0.03600000",
    "quoteQty": "1092.14964000",
    "time": 1681565963912,
    "isBuyerMaker": true,
    "isBestMatch": true
  },
  {
    "id": 3082372009,
    "price": "30337.50000000",
    "qty": "0.00580000",
    "quoteQty": "175.95750000",
    "time": 1681565963925,
    "isBuyerMaker": false,
    "isBestMatch": true
  },
  {
    "id": 3082372010,
    "price": "30337.50000000",
    "qty": "0.00101000",
    "quoteQty": "30.64087500",
    "time": 1681565964380,
    "isBuyerMaker": false,
    "isBestMatch": true
  },
  {
    "id": 3082372011,
    "price": "30337.49000000",
    "qty": "0.02801000",
    "quoteQty": "849.75309490",
    "time": 1681565964421,
    "isBuyerMaker": true,
    "isBestMatch": true
  },
  {
    "id": 3082372012,
    "price": "30337.50000000",
    "qty": "0.00329000",
    "quoteQty": "99.81037500",
    "time": 1681565964458,
    "isBuyerMaker": false,
    "isBestMatch": true
  },
  {
    "id": 3082372013,
    "price": "30337.50000000",
    "qty": "0.01339000",
    "quoteQty": "406.21912500",
    "time": 1681565964845,
    "isBuyerMaker": false,
    "isBestMatch": true
  },
  {
    "id": 3082372014,
    "price": "30337.50000000",
    "qty": "0.00043000",
    "quoteQty": "13.04512500",
    "time": 1681565965448,
    "isBuyerMaker": false,
    "isBestMatch": true
  },
  {
    "id": 3082372015,
    "price": "30337.50000000",
    "qty": "0.00330000",
    "quoteQty": "100.11375000",
    "time": 1681565965458,
    "isBuyerMaker": false,
    "isBestMatch": true
  },
  {
    "id": 3082372016,
    "price": "30337.50000000",
    "qty": "0.00154000",
    "quoteQty": "46.71975000",
    "time": 1681565965472,
    "isBuyerMaker": false,
    "isBestMatch": true
  },
  {
    "id": 3082372017,
    "price": "30337.50000000",
    "qty": "0.00330000",
    "quoteQty": "100.11375000",
    "time": 1681565965480,
    "isBuyerMaker": false,
    "isBestMatch": true
  },
  {
    "id": 3082372018,
    "price": "30337.50000000",
    "qty": "0.00114000",
    "quoteQty": "34.58475000",
    "time": 1681565965800,
    "isBuyerMaker": false,
    "isBestMatch": true
  },
  {
    "id": 3082372019,
    "price": "30337.50000000",
    "qty": "0.00329000",
    "quoteQty": "99.81037500",
    "time": 1681565966225,
    "isBuyerMaker": false,
    "isBestMatch": true
  },
  {
    "id": 3082372020,
    "price": "30337.50000000",
    "qty": "0.00864000",
    "quoteQty": "262.11600000",
    "time": 1681565966268,
    "isBuyerMaker": false,
    "isBestMatch": true
  },
  {
    "id": 3082372021,
    "price": "30337.50000000",
    "qty": "0.00101000",
    "quoteQty": "30.64087500",
    "time": 1681565966785,
    "isBuyerMaker": false,
    "isBestMatch": true
  },
  {
    "id": 3082372022,
    "price": "30337.50000000",
    "qty": "0.00101000",
    "quoteQty": "30.64087500",
    "time": 1681565966802,
    "isBuyerMaker": false,
    "isBestMatch": true
  },
  {
    "id": 3082372023,
    "price": "30337.50000000",
    "qty": "0.00100000",
    "quoteQty": "30.33750000",
    "time": 1681565966807,
    "isBuyerMaker": false,
    "isBestMatch": true
  },
  {
    "id": 3082372024,
    "price": "30337.50000000",
    "qty": "0.00100000",
    "quoteQty": "30.33750000",
    "time": 1681565966835,
    "isBuyerMaker": false,
    "isBestMatch": true
  },
  {
    "id": 3082372025,
    "price": "30337.50000000",
    "qty": "0.00100000",
    "quoteQty": "30.33750000",
    "time": 1681565966863,
    "isBuyerMaker": false,
    "isBestMatch": true
  },
  {
    "id": 3082372026,
    "price": "30337.50000000",
    "qty": "0.00100000",
    "quoteQty": "30.33750000",
    "time": 1681565966889,
    "isBuyerMaker": false,
    "isBestMatch": true
  },
  {
    "id": 3082372027,
    "price": "30337.50000000",
    "qty": "0.00100000",
    "quoteQty": "30.33750000",
    "time": 1681565966894,
    "isBuyerMaker": false,
    "isBestMatch": true
  },
  {
    "id": 3082372028,
    "price": "30337.50000000",
    "qty": "0.00461000",
    "quoteQty": "139.85587500",
    "time": 1681565967048,
    "isBuyerMaker": false,
    "isBestMatch": true
  },
  {
    "id": 3082372029,
    "price": "30337.50000000",
    "qty": "0.00480000",
    "quoteQty": "145.62000000",
    "time": 1681565967911,
    "isBuyerMaker": false,
    "isBestMatch": true
  },
  {
    "id": 3082372030,
    "price": "30337.50000000",
    "qty": "0.08335000",
    "quoteQty": "2528.63062500",
    "time": 1681565968029,
    "isBuyerMaker": false,
    "isBestMatch": true
  },
  {
    "id": 3082372031,
    "price": "30337.49000000",
    "qty": "0.09200000",
    "quoteQty": "2791.04908000",
    "time": 1681565968048,
    "isBuyerMaker": true,
    "isBestMatch": true
  },
  {
    "id": 3082372032,
    "price": "30337.50000000",
    "qty": "0.00050000",
    "quoteQty": "15.16875000",
    "time": 1681565968170,
    "isBuyerMaker": false,
    "isBestMatch": true
  }
]
